1785 3111
681 111 989 152 —643—

58 226 156 265 153.
202 225 319 273 Virgo
350 230 466 275 casta,
499 226 566 263 sed
599 224 774 274 fecunda,

204 282 319 339 Cuius
340 280 489 320 fabrum
511 284 642 320 mundi
664 283 804 320 munda

255 339 512 377 Lactaverunt
544 339 673 389 ubera,

200 396 354 434 Salvum
374 400 479 433 tuum
504 394 563 433 fac
582 397 828 434 Gauterum
843 424 852 441 ,

200 451 293 490 Cum
313 452 472 490 instabit
493 457 640 500 tempus
663 464 800 499 serum,

226 509 273 546 Id
304 513 362 546 est
392 509 522 546 mundi
554 520 724 557 vespera.

61 623 156 662 154.
203 621 258 659 Te
285 622 430 669 supinis
461 633 528 659 oro
559 623 708 669 palum,

203 679 342 726 Corde,
354 679 431 716 oris
448 679 609 726 hymnis,
630 680 803 727 psalmis,

257 736 488 783 Angelorum
522 737 685 782 domina,

202 793 320 831 Servo
349 796 414 830 tuo
444 793 493 830 da
524 794 651 840 quieta

201 848 296 886 Frui
325 849 404 887 vita
434 854 521 896 post
549 850 701 896 expleta

257 906 487 954 Temporum
517 907 719 944 volumina.

64 1022 158 1059 155.
207 1019 456 1056 Benedictum
486 1018 687 1056 benedicta

205 1074 359 1113 Profers
382 1074 547 1113 fructum
562 1087 636 1113 non
653 1074 810 1123 afflicta,

260 1132 356 1179 Quia
386 1136 510 1170 tecum
541 1132 735 1183 Dominus,

208 1189 282 1227 Per
312 1193 362 1237 te,
395 1200 546 1239 quaeso,
579 1189 671 1226 mihi
699 1190 811 1227 detur

208 1245 322 1284 Panis
353 1246 431 1292 ille,
464 1257 536 1293 quo
567 1247 739 1294 repletur

262 1303 418 1341 Ventris
448 1303 504 1340 tui
535 1303 731 1350 cophinus.

66 1417 164 1455 156.
211 1416 340 1463 Virgo,
371 1427 504 1454 sacrae
534 1417 630 1467 legis
662 1427 763 1465 arca,

208 1473 307 1520 Quas
337 1473 432 1510 nulli
452 1484 612 1522 parcens
634 1484 763 1522 parca,
780 1471 813 1524 ¹)

264 1530 368 1576 Quae
398 1535 523 1568 tamen
554 1530 705 1577 inertia,

207 1587 367 1631 Memor,
398 1598 478 1637 oro,
501 1587 552 1624 sis
575 1587 810 1637 Gauteri,

209 1643 281 1689 Qui
312 1641 399 1682 faex
431 1649 489 1681 est
519 1649 556 1680 et
584 1645 669 1691 alga
702 1645 794 1681 cleri

262 1700 595 1748 Minorumque
627 1702 764 1740 scoria.

68 1814 160 1855 157.
208 1813 310 1850 Fons
352 1813 518 1851 dulcoris
553 1814 813 1862 inexhaustae,

209 1870 319 1908 Servi
349 1871 403 1907 tui
435 1871 570 1908 claude
600 1870 724 1909 fauste

267 1927 479 1965 Cosmicam
510 1928 720 1975 periodum,

209 1985 264 2024 Ut
293 1995 364 2031 pro
391 1985 501 2022 malis
523 1996 596 2022 non
620 1986 812 2034 multetur,

212 2041 304 2080 Cum
336 2041 474 2079 citatus
504 2043 743 2089 propelletur

264 2098 330 2136 Ad
368 2102 576 2136 extremum
614 2100 813 2147 synodum.

884 1020 977 1058 160.

888 1417 982 1455 161.

889 1814 981 1854 162.

877 227 970 265 158.
1019 226 1092 263 Per
1123 230 1173 273 te,
1205 229 1337 272 mater,
1369 225 1470 263 inter
1499 226 1585 263 illos

1018 282 1155 320 Servos
1187 287 1271 320 tuos
1303 287 1340 319 et
1372 282 1552 320 carnillos

1073 339 1171 376 Mihi
1204 339 1314 377 detur
1345 339 1523 388 synedra,

1017 396 1159 443 Quibus
1192 396 1326 433 doctor
1358 397 1581 443 angelorum

1015 452 1175 490 Librum
1206 453 1297 500 legit
1328 453 1540 490 ethicorum

1072 510 1116 546 In
1149 509 1302 546 sublimi
1334 510 1529 549 cathedra.

878 624 970 661 159.
1018 623 1133 670 Virgo
1162 622 1327 660 candens
1349 627 1389 660 ut
1412 623 1627 671 ligustrum,

1021 680 1134 717 Cuius
1172 678 1265 716 felix
1296 684 1430 717 venter
1462 680 1626 717 lustrum

1076 737 1144 773 Est
1178 736 1353 773 caelestis
1385 737 1551 786 hinnuli,

1020 794 1129 830 Hanc
1151 796 1340 830 errantem
1362 793 1412 830 ad
1434 798 1627 839 pastorem

1019 849 1136 887 Ovem
1170 850 1272 886 mina
1302 854 1387 898 post
1417 849 1588 886 laborem

1077 906 1128 943 Et
1157 906 1389 952 palaestram
1422 907 1578 946 saeculi.

1023 1019 1159 1070 Virgo,
1182 1029 1251 1066 per
1267 1030 1378 1066 quam
1395 1019 1498 1056 Deus
1518 1019 1631 1057 datur

1024 1075 1075 1113 Et
1107 1075 1292 1114 humanae
1323 1076 1515 1113 tunicatur

1080 1133 1251 1170 Naturae
1283 1132 1466 1182 diploide,

1024 1189 1181 1227 Servum
1213 1193 1317 1226 tuum
1350 1190 1423 1227 duc
1442 1190 1491 1227 ad
1515 1189 1631 1227 vitam

1022 1246 1115 1283 Post
1137 1247 1366 1283 conscissam
1388 1250 1425 1283 et
1448 1246 1628 1283 detritam

1079 1303 1222 1351 Togam
1255 1304 1379 1341 carnis
1411 1303 1602 1350 putridae.

1029 1417 1157 1466 Virgo,
1190 1416 1323 1454 mundi
1351 1416 1552 1463 medicina,

1028 1474 1146 1511 Verbi
1177 1474 1293 1511 vestis
1325 1478 1361 1510 et
1392 1473 1540 1520 vagina,

1085 1530 1228 1567 Christi
1260 1530 1479 1577 creditaria,

1026 1587 1085 1624 De
1118 1588 1227 1624 ruina
1258 1587 1435 1624 vitiorum

1025 1643 1104 1681 Nos
1137 1648 1288 1691 ereptos
1319 1644 1539 1691 angelorum

1084 1700 1261 1739 Coetibus
1292 1701 1449 1738 associa.

1029 1814 1186 1852 Servum
1217 1818 1323 1851 tuum
1355 1813 1402 1851 de
1432 1812 1635 1860 profundis

1029 1871 1209 1909 Tractum
1247 1871 1364 1907 misce
1394 1870 1635 1908 laetabundis

1085 1928 1272 1975 Superum
1303 1927 1514 1974 consortiis,

1025 1985 1079 2023 Ut
1111 1995 1194 2021 cum
1225 1984 1301 2021 illis
1333 1984 1562 2021 iucundetur

1028 2043 1074 2080 In
1105 2045 1299 2078 aeternum
1331 2045 1368 2077 et
1400 2040 1546 2078 cibetur

1085 2098 1259 2145 Dapibus
1291 2097 1504 2135 ambrosiis.

181 2219 207 2262 l)
230 2221 356 2254 Dieser
379 2222 451 2254 und
475 2222 536 2255 der
560 2220 721 2266 folgende
746 2223 833 2255 Vers
860 2222 1026 2254 scheinen
1053 2221 1214 2253 verderbt
1239 2231 1281 2252 zu
1307 2221 1395 2253 sein.

1359 2899 1432 2932 41*
