1785 3111
721 27 1035 69 —597—

533 217 616 254 395.
655 218 713 262 (6.)
748 218 807 254 De
835 218 1015 264 Corpore
1042 219 1211 256 christi.

93 336 131 373 1.
177 337 273 383 Ave,
306 333 437 372 vivens
468 334 603 382 hostia,
914 338 952 375 2.
999 336 1094 384 Ave,
1125 347 1191 373 vas
1223 335 1458 383 clementiae,

235 391 386 429 Veritas
418 394 455 427 et
484 390 577 439 vita,
1055 392 1246 429 Scrinium
1279 392 1459 439 dulcoris,

178 449 223 485 In
253 458 328 494 qua
357 446 545 485 sacrificia
998 450 1044 486 In
1075 460 1147 495 quo
1178 452 1267 486 sunt
1298 448 1458 486 deliciae

236 505 382 544 Cuncta
411 507 500 541 sunt
530 503 649 551 finita,
1057 505 1200 543 Caelici
1231 504 1391 552 saporis,

180 561 254 600 Per
283 564 322 597 te
351 560 453 608 patri
485 560 606 608 gloria
1000 562 1150 599 Veritas
1181 562 1421 600 substantiae

233 617 358 655 Datur
386 616 548 664 infinita,
1055 619 1152 655 Tota
1184 618 1401 668 salvatoris,

181 672 256 713 Per
285 678 324 711 te
354 678 430 711 stat
460 674 622 712 eeclesia
1000 674 1284 712 Sacramentum
1317 675 1473 723 gratiae,

232 731 376 778 Iugiter
411 731 568 770 munita.
1055 732 1242 770 Pabulum
1272 732 1424 771 amoris.

182 853 262 895 Vgl.
295 853 362 885 den
391 854 480 886 Text
512 854 614 886 Anal.
647 855 777 892 XXXI,
813 851 875 886 111
911 864 980 896 sq.;
1015 847 1111 886 Uber
1135 854 1192 886 die
1217 853 1443 886 Autorsohaft
1466 854 1663 886 Peckhams

89 898 223 931 ebenda
256 901 290 930 S.
328 896 408 938 113;
441 900 572 931 Martin
606 900 627 931 1.
662 910 690 932 0.
723 900 787 938 ΠΙ,
824 900 954 938 CXIV3
988 900 1102 931 ferner
1135 900 1256 932 weiter
1287 904 1395 931 unten
1425 901 1486 931 Nr.
1510 898 1566 941 (8),
1595 901 1664 931 Au-

87 944 269 986 merkung,
296 944 330 975 S.
355 942 432 976 601.

180 986 232 1020 Zu
263 989 330 1021 den
361 989 464 1021 Anal.
487 990 601 1028 XXX,
640 987 705 1021 112
730 1000 781 1031 sq.
807 994 1007 1032 genannten
1032 991 1181 1030 Quellen
1206 992 1253 1022 ist
1276 990 1367 1022 noch
1392 991 1662 1033 hinzuzufiigen.

88 1034 173 1067 Cod.
199 1034 394 1067 Londinen.
412 1035 544 1067 Arund.
570 1033 638 1067 374
664 1045 753 1067 sace.
779 1033 836 1067 14:
866 1037 1015 1077 „Incipit
1038 1036 1166 1068 devota
1182 1036 1362 1068 meditatio
1385 1036 1427 1068 de
1445 1040 1664 1068 sacramento

88 1080 210 1112 altaris
250 1084 284 1111 et
320 1081 396 1112 eius
431 1081 665 1119 utilitatibus,
703 1081 797 1112 edita
831 1092 850 1113 a
882 1082 988 1113 fratre
1021 1081 1221 1113 Iohanne
1254 1081 1492 1121 Picthano,
1530 1082 1664 1114 ordinis

87 1127 281 1163 minorum,
314 1125 576 1168 archiepiscopo
611 1127 858 1158 Cantuariensi
893 1130 926 1159 et
963 1128 1111 1168 primate
1144 1129 1251 1158 totius
1285 1125 1467 1169 Angliae“.
1502 1145 1544 1149 —
1579 1127 1664 1159 Cod.

89 1170 286 1203 Londinen.
311 1171 411 1203 Harl.
438 1169 514 1203 913.
541 1182 631 1203 saec.
653 1170 714 1210 14„
741 1172 802 1203 der
820 1173 903 1204 aber
921 1172 1017 1204 nicht
1035 1172 1101 1205 den
1118 1172 1378 1214 vollstandigen
1396 1173 1495 1211 Text,
1514 1172 1665 1204 sondern

89 1226 155 1247 nur
187 1216 429 1249 Bruchstiicke
461 1218 584 1249 bietet:
620 1218 743 1258 „Hanc
777 1218 1039 1250 meditationem
1071 1218 1113 1250 de
1139 1228 1283 1260 corpore
1309 1218 1440 1250 Christi
1467 1220 1665 1260 composuit

87 1262 210 1293 Frater
241 1261 462 1294 Iohannes
498 1262 684 1294 Peeham
722 1263 763 1294 de
800 1263 921 1295 ordine
954 1265 1115 1295 Fratrum
1148 1265 1339 1301 minorum,
1377 1264 1663 1306 archiepiscopus

89 1304 387 1340 Cantuariensis.“
424 1326 468 1329 —
506 1308 592 1340 Clm.
630 1309 811 1341 Monacen.
850 1306 939 1340 5362
972 1319 1061 1341 saec.
1098 1307 1155 1340 15:
1196 1309 1388 1350 „Dominus
1420 1309 1662 1350 Iohannes,

89 1353 376 1395 archiepiscopus
414 1353 697 1393 Cantuariensis,
739 1356 936 1396 composuit
969 1355 1073 1386 istam
1106 1355 1379 1387 meditationem.
1444 1356 1662 1397 Quicumque

88 1407 166 1430 eam
193 1398 317 1430 devote
342 1398 480 1434 dixerit,
513 1400 577 1431 XL
603 1400 676 1431 dies
702 1401 827 1431 veniae
852 1410 913 1440 pro
940 1402 1091 1441 peccatis
1117 1400 1360 1432 criminalibus
1386 1397 1591 1432 obtinebit.“
1619 1418 1663 1422 —

88 1443 176 1476 Clm.
204 1444 384 1476 Monacen.
413 1442 501 1476 7611
528 1454 617 1477 saec.
646 1443 706 1476 15:
735 1446 858 1486 „Hanc
884 1447 1077 1477 orationem
1102 1446 1143 1477 de
1170 1450 1386 1478 sacramento
1413 1446 1535 1477 altaris
1552 1446 1664 1477 edidit

87 1488 312 1521 Iohannes
345 1489 453 1522 frater
483 1490 536 1521 de
567 1490 813 1529 Pischano‚
848 1491 981 1522 ordinis
1014 1493 1198 1530 minorum,
1225 1491 1508 1533 archiepiscopus
1534 1492 1663 1524 Cantu-

89 1535 239 1566 ariensis
276 1538 311 1566 et
345 1532 543 1577 primate[!]
580 1537 689 1567 totius
725 1534 906 1577 Angliae.“
945 1554 990 1558 -
1023 1537 1166 1569 Collect.
1202 1548 1262 1568 ms.
1299 1537 1461 1569 Italicum
1493 1547 1582 1569 saec.
1612 1535 1661 1568 15.

89 1580 172 1612 Cod.
209 1581 371 1612 Rossian.
407 1582 459 1613 IX
498 1580 561 1612 44:
607 1582 766 1622 „Devota
803 1582 982 1613 meditatio
1020 1582 1062 1614 de
1100 1586 1318 1614 sacramento
1357 1583 1479 1614 altaris
1517 1586 1551 1614 et
1588 1584 1663 1614 eius

88 1626 296 1664 virtutibus,
330 1626 423 1658 edita
457 1636 477 1658 a
510 1627 616 1658 fratre
648 1626 845 1659 Iohanne
878 1628 1068 1667 Pisano⁷
1101 1628 1365 1670 archiepiscopo
1391 1625 1661 1661 Cantuariensi“

86 1668 152 1711 (A).
177 1688 222 1693 —
248 1673 348 1707 Brev.
373 1682 436 1703 ms.
462 1672 621 1704 Cavense
647 1674 729 1703 anni
759 1670 855 1704 1308.
894 1672 975 1704 Cod.
994 1672 1200 1705 Casanaten.
1227 1674 1253 1705 C
1271 1675 1325 1705 III
1349 1672 1517 1714 2(1575):
1546 1674 1664 1715 „Haec

88 1718 245 1748 carmina
269 1716 310 1748 de
335 1727 480 1759 corpore
505 1717 636 1749 Christi
662 1720 858 1760 composuit
883 1718 989 1750 frater
1013 1719 1237 1751 Iohannes
1263 1719 1311 1751 de
1337 1717 1596 1760 Pithyano.“
1620 1735 1664 1740 —-

89 1762 185 1794 Orat.
212 1773 274 1794 ms.
299 1761 414 1794 Carth.
433 1762 696 1796 Hildeshemen.
716 1774 805 1795 saec.
827 1762 876 1795 15.
921 1764 1004 1796 Cod.
1024 1764 1138 1806 Capit.
1156 1766 1336 1796 Treviren.
1358 1762 1438 1796 116:
1466 1765 1664 1807 „Iohannes

92 1807 254 1848 Pisanus,
281 1808 564 1850 archiepiscopus
591 1807 891 1841 Cantuariensis.“

184 1853 284 1885 Ohne
308 1854 453 1896 Angabe
485 1854 545 1885 des
569 1855 783 1887 Verfassers:
818 1855 914 1887 Orat.
946 1866 1008 1887 ms.
1043 1856 1078 1887 S.
1103 1856 1238 1887 Mariae
1263 1855 1496 1898 Magdalenae
1522 1856 1663 1888 Hildes-

90 1897 226 1930 hemen.
253 1909 343 1931 saec.
371 1897 422 1930 15.
472 1899 554 1931 Cod.
581 1901 769 1942 Gotingan.
803 1898 880 1932 233.
908 1920 948 1923 —
975 1902 1070 1935 Orat.
1096 1911 1159 1932 ms.
1185 1901 1298 1932 Vallis
1324 1902 1468 1933 Iocosae
1494 1911 1582 1933 saec.
1613 1900 1663 1933 15.

91 1943 176 1976 Cod.
211 1945 386 1976 Labacen.
425 1942 480 1977 44.
515 1943 584 1986 (B).
621 1963 664 1968 -
695 1946 790 1978 Orat.
828 1957 889 1978 ms.
922 1947 1110 1988 Anglicum
1142 1956 1230 1978 saec.
1265 1944 1316 1978 15.
1376 1947 1460 1979 Cod.
1492 1946 1662 1978 Oxonien.

90 1986 244 2021 Rawlin.
284 1990 310 2022 C
347 1987 413 2022 558
443 1987 509 2029 (C).
546 2008 588 2012 -
621 1991 683 2023 Als
716 1992 876 2033 Hymnus
909 1992 971 2023 auf
991 1993 1145 2024 Matutin
1178 1992 1249 2024 und
1279 1992 1419 2024 Laudes
1452 1993 1591 2024 verteilt
1618 1994 1664 2023 im

92 2035 314 2067 Breviarium
338 2036 505 2068 Kimense
530 2038 612 2079 imp.
642 2034 738 2068 1518.

181 2081 353 2112 Lesarten
384 2082 422 2112 in
453 2082 562 2115 ABC:
599 2080 626 2120 1,
653 2080 674 2113 3
706 2083 748 2114 In
767 2078 841 2124 *quo
867 2083 938 2115 AC.
963 2099 1006 2104 -
1034 2081 1061 2123 l,
1089 2081 1108 2114 5
1137 2084 1247 2124 patris
1273 2082 1310 2114 C.
1336 2099 1379 2104 —-
1406 2084 1473 2114 Str.
1500 2080 1520 2114 3
1547 2083 1618 2113 und
1643 2080 1665 2114 4

90 2126 291 2168 umgestellt
323 2127 359 2159 C.
393 2145 432 2150 -—
466 2126 499 2166 4,
534 2125 555 2158 2
589 2128 718 2159 Munus
744 2131 777 2160 et
802 2127 907 2160 finale
932 2129 971 2160 A.
998 2145 1041 2149 —
1066 2126 1097 2166 5,
1123 2126 1143 2159 6
1168 2128 1233 2159 Est
1259 2127 1324 2159 hoc
1349 2128 1531 2159 beatorum
1557 2128 1595 2160 C.
1620 2145 1664 2149 —

89 2169 121 2209 6,
147 2170 168 2203 8
198 2171 324 2203 Pereat
354 2171 474 2204 divine
503 2173 540 2205 C.
565 2190 611 2195 —-
635 2172 665 2212 7,
691 2172 713 2204 4
738 2172 816 2205 Non
842 2174 956 2205 solum
980 2173 1049 2204 AC.
1078 2191 1120 2196 —
1144 2170 1174 2209 8,
1201 2171 1220 2203 7
1247 2173 1436 2215 Potestque
1461 2173 1527 2204 hoc
1553 2174 1593 2204 A.
1622 2191 1663 2195 —

90 2214 121 2254 9,
149 2214 168 2247 '7
203 2218 363 2259 suggitur
395 2217 432 2250 C.
466 2235 510 2240 —
538 2217 589 2257 11,
615 2217 635 2250 6
661 2219 729 2257 Qui
755 2220 810 2249 vis
836 2229 899 2250 nos
927 2218 962 2249 C.
989 2236 1031 2241 —
1059 2216 1109 2256 12,
1139 2217 1155 2249 1
1182 2219 1259 2249 Mos
1285 2222 1338 2250 est
1362 2218 1443 2249 hinc
1468 2220 1665 2251 amantium

90 2262 131 2293 B.
160 2278 203 2283 —
241 2260 291 2301 13,
316 2261 340 2295 4
363 2263 517 2305 digneris
543 2264 583 2294 A.
609 2280 652 2285 —
679 2264 746 2296 Str.
777 2260 817 2294 13
843 2264 958 2295 hinter
985 2262 1024 2294 15
1050 2264 1089 2295 B.
1115 2281 1155 2284 —
1187 2262 1237 2301 15,
1267 2262 1281 2295 1
1311 2274 1460 2305 superna
1486 2264 1521 2296 C.
1551 2281 1596 2285 —
1622 2265 1664 2296 In

90 2307 118 2338 B
139 2307 227 2348 folgt
244 2317 300 2339 am
318 2307 456 2340 Schluss
474 2309 564 2340 noch
581 2319 587 2338 :
606 2309 718 2341 Nobis
736 2309 1022 2341 consecrantibus
1040 2313 1102 2340 etc.
1121 2309 1235 2348 (Anal.
1252 2309 1275 2340 l.
1294 2320 1322 2341 c.
1344 2306 1419 2348 113)
1436 2309 1505 2341 und
1524 2311 1662 2342 weiter:

432 2399 528 2430 Laus
557 2403 591 2430 et
615 2399 779 2430 iubilatio
806 2400 852 2430 sit
876 2401 937 2430 uni
963 2403 996 2431 et
1020 2400 1123 2438 trino⁷

433 2445 568 2482 Honor,
594 2445 717 2483 virtus,
744 2445 857 2487 gloria
883 2446 928 2476 sit
954 2445 1100 2477 donanti
1125 2444 1227 2484 dona,

434 2487 501 2521 Per
525 2499 615 2531 quae
641 2489 815 2522 sacrificia
840 2490 939 2521 offert
961 2488 1079 2530 (nunc)
1103 2491 1252 2522 ecclesia

433 2534 486 2566 Ad
512 2534 695 2567 delendum
722 2536 869 2567 crimina
895 2546 955 2577 per
979 2546 1042 2567 nos
1068 2540 1276 2578 perpetrata.

431 2626 581 2668 Insuper
605 2626 778 2657 altissimo
803 2630 920 2667 grates
947 2626 1146 2665 referamus,

434 2672 502 2710 Qui
528 2682 591 2702 nos
618 2681 753 2712 semper
778 2671 897 2709 reficit,
923 2682 1025 2714 quem
1048 2683 1112 2704 nos
1137 2673 1398 2710 manducamus,

431 2716 489 2748 Sic
514 2718 639 2758 ipsum,
665 2727 767 2758 quem
793 2719 972 2756 sumimus,
1000 2719 1050 2749 ita
1074 2718 1324 2755 collaudemus,

434 2762 504 2793 Hic
530 2773 665 2804 semper
691 2763 739 2793 sic
765 2763 927 2801 vivimus,
952 2766 991 2794 ut
1016 2773 1133 2795 secum
1158 2774 1353 2806 regnemus.
