1785 3111
746 67 1054 108 ——570—

518 184 554 220 5.
603 180 763 229 Sanguis
794 180 948 230 Christi,

605 237 678 278 Qui
710 235 817 274 fuisti

658 294 884 341 Peremptor
912 293 1033 332 hostis
1065 294 1207 344 callidi,

604 350 687 388 Fac
720 350 828 388 sitire
920 358 923 361 ·

604 406 694 456 Nos,
734 407 865 445 venire

656 463 724 501 Ad
751 475 887 502 cenam
917 463 1012 512 aym
1035 462 1211 514 providi.

677 607 737 639 Ad
767 607 1134 650 Completorium.

131 702 167 740 1.
215 700 285 747 Qui
316 700 466 738 iacuisti
496 704 665 738 mortuus
951 702 988 742 2,
1034 700 1220 738 Succurre
1245 700 1366 750 nobis,
1398 700 1571 750 Domine,

215 758 259 794 In
289 762 411 808 petra,
443 767 511 796 rex
541 757 735 807 innocuus,
1035 758 1134 804 Quos
1165 757 1360 795 redemisti
1392 757 1586 806 sanguine,

216 814 296 851 Fae
326 825 393 852 nos
426 814 464 851 in
495 818 533 851 te
563 813 758 861 quiescere
1036 814 1088 851 Et
1119 814 1192 851 duc
1221 825 1288 852 nos
1319 814 1369 851 ad
1400 814 1530 852 suavia

217 870 447 918 Semperque
477 871 610 908 laudes
642 871 817 909 reddere.
1036 871 1227 908 Aeternae
1257 871 1363 918 pacis
1393 870 1543 918 gaudia.

544 974 580 1011 3.
627 973 740 1021 Laus,
774 973 894 1010 honor
926 972 1078 1010 Christo
1110 974 1277 1012 vendito,

219 1086 321 1117 Brev.
347 1095 409 1116 ms,
436 1085 708 1116 Franciscanum
735 1094 824 1116 saec.
852 1082 904 1116 14.
930 1086 976 1116 in.
1025 1084 1106 1116 Cod.
1132 1085 1290 1116 Vatican.
1319 1082 1444 1117 10000.
1470 1085 1510 1116 A.
1535 1101 1579 1107 —
1596 1085 1698 1116 Brev.

134 1141 194 1162 ms.
226 1131 472 1163 Xanctonense
505 1140 595 1161 saec.
632 1127 683 1160 14.
733 1129 814 1161 Cod.
840 1129 991 1162 Parisin.
1027 1127 1153 1162 16309.
1180 1132 1218 1162 Β.
1254 1148 1299 1152 --
1323 1130 1418 1161 Orat.
1443 1141 1506 1162 ms.
1536 1129 1699 1161 Italicum

129 1186 222 1208 saec.
255 1174 306 1207 14.
356 1175 439 1207 Cod.
466 1177 610 1207 Roman.
635 1172 713 1206 477.
741 1175 778 1206 C.
805 1192 845 1196 —-
872 1176 991 1207 Horae
1017 1177 1055 1207 B.
1072 1176 1120 1206 M.
1138 1176 1179 1207 V.
1207 1186 1273 1207 sec.
1298 1186 1409 1207 usum.
1436 1175 1699 1207 Gebennensem

129 1232 222 1253 saec.
252 1220 302 1253 14.
353 1220 436 1253 Cod.
463 1222 621 1252 vatican.
649 1220 761 1252 Palat.
787 1217 864 1252 538.
891 1221 933 1252 D.
959 1237 1004 1242 —
1022 1220 1125 1252 Scala
1149 1221 1238 1253 caeli
1265 1231 1354 1253 saec.
1382 1219 1434 1252 14.
1453 1220 1535 1252 cod.
1553 1222 1698 1262 Pragen.

131 1268 219 1299 XIII
251 1267 282 1298 E
315 1263 347 1297 3.
381 1266 423 1297 Ε.
456 1283 500 1287 -
525 1266 619 1297 Orat.
653 1276 715 1297 ms.
743 1265 934 1307 Campense
960 1267 1043 1297 anui
1078 1264 1173 1298 1462.
1223 1267 1308 1298 Cod.
1334 1266 1594 1298 Darmstadien.
1622 1263 1699 1297 521.

128 1313 167 1344 F.
203 1330 247 1333 —
277 1313 372 1344 Orat.
410 1322 472 1343 ms.
509 1311 696 1343 Caelestin.
731 1312 764 1343 S.
792 1313 927 1343 Mariae
959 1311 1001 1343 de
1026 1312 1184 1343 Parisius
1218 1322 1307 1344 saec.
1344 1309 1395 1343 15.
1421 1311 1505 1344 Cod.
1530 1312 1700 1343 Mazarin.

126 1355 214 1389 3897
241 1356 342 1398 (605).
367 1358 408 1390 G.
434 1375 478 1378 —
502 1358 597 1389 Orat.
623 1367 685 1387 ms.
711 1357 874 1388 Italicum
901 1367 990 1388 saec.
1018 1355 1071 1388 15.
1097 1357 1178 1389 Cod.
1206 1358 1367 1390 Rossian.
1395 1358 1482 1389 VIII
1506 1354 1561 1388 48.
1587 1357 1631 1387 H.
1657 1372 1701 1378 —-

130 1404 225 1435 Orat.
251 1414 313 1434 ms.
339 1403 452 1434 Vallis
479 1401 622 1434 Iocosae
647 1413 734 1434 saec.
764 1401 815 1434 15.
865 1402 948 1434 Cod.
975 1400 1148 1434 Labacen.
1175 1401 1229 1437 44.
1255 1404 1281 1434 I.
1309 1420 1352 1425 —
1377 1403 1472 1435 Orat.
1498 1413 1560 1434 ms.
1587 1402 1701 1433 Vallis

124 1449 274 1480 Iocosae
300 1458 391 1480 saec.
420 1447 470 1480 15.
520 1448 603 1480 Cod.
630 1448 803 1480 Labaeen.
828 1446 883 1480 45.
902 1449 945 1479 K.
962 1465 1007 1469 —
1024 1449 1119 1480 Orat.
1146 1459 1207 1479 ms.
1229 1449 1511 1481 Claraevallense
1539 1457 1628 1479 saec,
1649 1445 1701 1478 15.

127 1494 212 1525 Cod.
239 1495 380 1526 Trecen.
411 1492 508 1526 1612.
534 1494 574 1525 L.

218 1551 280 1582 Ad
298 1551 584 1582 Matutinum.
610 1570 651 1573 —
681 1549 709 1589 1,
735 1549 756 1581 4
773 1550 820 1581 Et
844 1550 945 1585 fehlt:
973 1551 1020 1582 Et
1044 1553 1170 1582 mentis
1187 1552 1226 1582 L.
1245 1552 1283 1582 F.
1311 1568 1356 1571 —
1374 1552 1442 1583 Str.
1471 1548 1486 1581 1
1513 1549 1599 1582 fehlt
1617 1549 1703 1587 hier,

129 1596 235 1628 findet
264 1596 337 1628 sich
364 1596 447 1627 aber
472 1597 598 1637 spater.
647 1597 687 1627 L.
712 1613 753 1617 -—-
781 1594 818 1634 2,
852 1594 872 1626 2
898 1596 944 1627 Et
969 1596 1054 1627 fehlt
1079 1597 1235 1629 AEGIK.
1263 1616 1305 1619 -
1330 1594 1362 1634 3,
1391 1594 1406 1626 1
1434 1595 1480 1627 Et
1504 1605 1634 1637 poenas
1661 1594 1702 1626 A.

134 1660 173 1663 -—
200 1639 237 1681 3,
270 1640 293 1673 4
317 1642 363 1673 Et
388 1643 508 1672 mortis
534 1642 571 1672 F.
597 1659 641 1662 —
665 1640 702 1679 4,
740 1640 754 1672 1
783 1652 846 1672 nos
873 1643 1006 1673 sauciet
1031 1642 1073 1672 D.
1099 1660 1144 1662 —
1168 1639 1199 1679 4,
1229 1639 1249 1672 2
1275 1642 1474 1673 illuminent
1500 1640 1536 1672 C.
1562 1657 1606 1661 —-
1631 1640 1701 1672 Str.

125 1686 147 1718 4
179 1688 231 1719 bis
262 1686 281 1719 6
307 1685 421 1719 fehlen
446 1687 533 1725 hier,
559 1686 673 1718 finden
699 1687 773 1717 sich
800 1688 883 1718 aber
908 1688 1024 1729 spiiter
1049 1688 1094 1727 L3
1121 1690 1205 1718 statt
1229 1687 1370 1719 dessen:

223 1791 286 1829 Qui
315 1799 382 1830 pax
408 1793 441 1820 et
466 1799 599 1820 summa
625 1790 772 1831 requies,
1045 1789 1113 1820 Hie
1137 1789 1287 1821 traditur
1312 1792 1346 1821 et
1369 1790 1516 1830 eapitur,

222 1836 377 1866 Vexatus
402 1835 467 1865 fuit
492 1835 633 1875 pluries,
1046 1835 1258 1876 Conspuitur
1283 1838 1316 1866 et
1341 1835 1506 1872 caeditur,

222 1880 383 1921 Triginta
408 1881 557 1910 nummis
584 1880 745 1911 venditus
1046 1880 1242 1919 Deluditur,
1268 1882 1415 1916 exuitur.

222 1925 270 1956 Et
295 1926 369 1956 sine
395 1935 501 1956 causa
526 1925 694 1964 proditus.
1046 1926 1193 1957 Velatur
1216 1929 1250 1957 et
1276 1926 1456 1957 occiditur.

134 2024 168 2065 6,
194 2024 214 2058 3
239 2027 386 2058 Mortem
412 2036 514 2068 passo
541 2027 643 2059 CEG.

225 2084 282 2115 Ad
308 2083 492 2115 Laudes.
521 2099 561 2104 --
590 2084 712 2115 Dieser
738 2084 898 2124 Hymnus
931 2084 1016 2115 fehlt
1041 2084 1080 2115 L.
1106 2100 1147 2104 —
1176 2082 1210 2122 1,
1242 2081 1265 2114 4
1289 2084 1425 2115 Psallat
1450 2086 1567 2115 coetus
1593 2083 1636 2114 K.
1665 2099 1706 2104 ·—

139 2127 174 2165 1,
210 2128 229 2160 5
256 2130 355 2160 Nunc
379 2129 491 2160 laetus
517 2130 559 2160 K.
585 2146 629 2149 m
653 2127 694 2166 2,
731 2127 745 2159 1
772 2129 892 2160 Poena
916 2130 1103 2161 fortissime
1128 2130 1155 2160 Ι.
1181 2146 1225 2149 —
1251 2126 1281 2166 2,
1312 2126 1333 2159 2
1357 2130 1464 2160 Dirae
1490 2129 1610 2160 mortis
1637 2127 1705 2160 FG.

137 2192 179 2194 —
208 2172 238 2211 2,
265 2172 286 2205 4
312 2174 424 2205 Corda
449 2171 592 2205 trahant
617 2175 662 2210 Α;
689 2174 760 2205 Nos
786 2174 967 2206 damnatos
994 2176 1033 2206 C.
1061 2191 1105 2195 —-
1129 2171 1161 2212 2,
1186 2172 1206 2205 5
1232 2173 1279 2205 Et
1303 2176 1337 2205 te
1353 2174 1401 2213 Α,
1428 2173 1564 2205 Reddat
1588 2176 1706 2215 gratos

139 2221 176 2251 C.
206 2238 249 2242 —
274 2218 304 2258 3,
331 2218 351 2251 5
378 2220 465 2251 Sunt
490 2220 619 2250 collata
637 2219 796 2251 CGHIK.
823 2239 864 2242 -—
889 2218 921 2258 4,
950 2218 1139 2251 1P1·irnum
1164 2222 1287 2260 tangat
1303 2219 1340 2251 O.
1366 2237 1409 2240 —
1434 2217 1466 2257 4,
1492 2217 1513 2251 3
1539 2229 1707 2261 sanguem

138 2266 166 2296 I.
196 2283 235 2287 —
263 2263 294 2302 4,
320 2263 339 2296 5
359 2266 485 2297 Sumus
504 2265 641 2296 ADEF.
667 2281 708 2285 —
727 2264 825 2295 Auch
851 2266 939 2297 nach
965 2266 1095 2297 diesem
1114 2266 1274 2306 Hymnus
1294 2264 1498 2296 wiederholt
1514 2264 1570 2295 die
1588 2265 1707 2296 Doxo-

139 2310 232 2352 logie
258 2311 316 2342 des
343 2310 648 2351 vorhergehenden
673 2310 792 2342 CFIK.

229 2367 289 2398 Ad
315 2367 510 2397 Primam.
536 2384 580 2387 ——
608 2366 644 2405 1,
679 2365 700 2399 3
726 2367 825 2398 Felix
850 2368 975 2399 illusus
1000 2368 1048 2408 Ε,
1075 2368 1190 2399 illusis
1217 2368 1259 2399 D.
1285 2384 1328 2389 —-
1357 2365 1393 2406 1,
1418 2365 1439 2398 4
1465 2368 1561 2399 Diris
1585 2377 1707 2399 caesus

139 2412 343 2444 verberibus
369 2413 407 2443 L.
435 2428 478 2432 —-—
503 2410 533 2450 2,
562 2411 578 2443 1
605 2413 655 2444 Te
681 2416 839 2454 petamus·
865 2414 902 2445 C.
929 2431 973 2434 —
998 2415 1070 2445 Nos
1097 2413 1264 2455 perducas
1291 2413 1383 2445 ADI.

229 2468 287 2499 Ad
312 2469 518 2500 Tertiam.
543 2486 586 2491 —
615 2467 642 2507 1,
666 2467 686 2499 3
704 2469 853 2501 Gravem
880 2470 998 2501 frendo
1025 2471 1099 2501 CH.
1125 2489 1169 2493 —-
1193 2468 1224 2509 2,
1254 2468 1268 2501 1
1289 2471 1359 2501 Fae
1384 2480 1446 2501 nos
1474 2470 1511 2500 in
1535 2472 1568 2500 te
1594 2469 1708 2510 quies-

143 2524 219 2545 cere
246 2512 273 2545 Ι.
301 2531 341 2534 -
370 2512 408 2551 2,
443 2512 463 2544 2
487 2514 675 2556 Vitamque
700 2519 855 2546 sanctam
886 2517 935 2555 D:‚
972 2515 1118 2547 Carnem
1145 2515 1378 2556 mundumque
1403 2516 1542 2546 vincere
1567 2514 1641 2548 CH.
1666 2530 1710 2534 —

139 2557 178 2635 21,
211 2557 231 2591 3
256 2559 506 2636 Πῒοῖἱῆθὶιιῃηε
533 2559 634 2600 E1K3
668 2560 734 2591 frui
760 2562 878 2602 requie
904 2561 943 2592 A.
970 2578 1012 2582 —-
1038 2559 1076 2598 2,
1107 2560 1128 2592 4
1154 2561 1322 2592 Caelestis
1348 2561 1415 2592 frui
1440 2560 1515 2600 FG3
1547 2559 1709 2591 caelestis

141 2616 163 2646 g
180 2614 274 2636 oriae
345 2634 348 2635 γ
371 2628 377 2634 .

231 2661 291 2692 Ad
317 2661 504 2693 Sextam.
534 2680 573 2683 —
603 2660 636 2700 1,
666 2660 680 2693 1
709 2663 853 2694 Crucem
880 2666 1033 2693 sanctam
1061 2663 1169 2694 subiit
1193 2662 1234 2693 E.
1260 2679 1303 2682 —
1332 2659 1358 2701 1,
1386 2659 1406 2692 3
1431 2661 1479 2692 Et
1504 2658 1648 2693 sacratis
1674 2662 1708 2699 Ι,

142 2708 239 2738 Iesus
271 2710 426 2738 sacratus
452 2707 492 2737 K.
528 2724 571 2727 ——
599 2706 633 2745 1,
667 2706 688 2738 4
713 2708 832 2739 Clavis
859 2708 959 2739 fossis
985 2707 1119 2747 AHG13
1154 2705 1271 2739 Clavis
1298 2717 1337 2738 ac
1362 2707 1464 2738 fossis
1491 2707 1635 2748 pedibus
1660 2707 1709 2744 Ε;

146 2752 262 2783 clavis
288 2752 375 2783 fixus
401 2761 441 2782 ac
467 2752 612 2793 pedibus
638 2753 688 2792 K;
716 2754 810 2784 Fixis
836 2753 944 2784 clavis
971 2757 1004 2785 et
1029 2754 1065 2785 C.
1093 2770 1135 2774 —
1159 2750 1191 2791 2,
1217 2751 1237 2782 2
1262 2752 1425 2783 crucifixo
1451 2752 1602 2783 Domino
1622 2752 1708 2785 FGI.

144 2817 184 2820 —
211 2795 242 2836 2,
267 2796 289 2830 4
316 2798 367 2829 Ab
394 2798 551 2839 Aegypto
582 2800 626 2838 (2¹3
653 2798 813 2829 Salvavit
837 2799 880 2829 ab
908 2800 957 2838 D;
983 2799 1026 2830 ab
1053 2799 1158 2830 exitio
1183 2797 1325 2837 AFGK3
1352 2798 1395 2829 ab
1422 2798 1545 2828 exsilio
1570 2797 1641 2828 DL.
1668 2813 1711 2817 -
