1785 3111
691 67 1000 108 —319—

69 178 170 212 ficat“
195 180 245 221 E3
275 180 335 218 „In
358 179 608 212 Purificatione
633 181 671 211 B.
697 181 744 211 M.
770 181 813 211 V.
841 181 884 212 ad
901 179 1066 223 Magnif.“
1087 181 1133 216 G:
1163 182 1223 222 „In
1250 182 1347 214 festis
1366 182 1416 212 IX
1441 181 1630 213 lectionum

69 230 104 258 et
134 225 226 257 infra
256 226 283 257 Ι.
316 241 360 246 -
386 225 463 267 Vgl.
497 227 583 257 iiber
613 225 675 257 das
709 223 815 258 Salve
849 228 972 269 regina
1001 223 1198 259 Brambaeh
1233 237 1261 258 a.
1297 238 1328 259 a.
1354 228 1394 259 O.
1421 223 1454 257 S.
1492 225 1532 259 15
1564 228 1634 258 und

68 271 102 303 S.
132 268 172 302 16
204 281 238 302 11.
275 267 398 302 8--17.
423 288 464 291 —
492 272 565 302 Das
586 271 676 312 jetzt
701 268 844 304 iibliehe
869 274 970 304 Wort
997 273 1108 303 mater
1133 274 1169 303 in
1196 273 1283 304 Vers
1311 271 1327 304 1
1352 270 1476 312 (mater
1502 273 1634 304 miseri-

65 315 356 393 CXO{7{ia})hfissdet
389 316 463 347 sich
500 317 537 347 in
568 316 691 348 keiner
723 317 847 356 Quelle
879 318 950 349 und
983 319 1030 349 istz
1060 319 1117 349 ein
1149 319 1264 359 spssites
1290 317 1533 350 Einschiebsel
1575 318 1635 349 des

152 386 157 391 .
208 371 229 393 a
257 372 271 392 r
298 384 306 392 .

426 495 508 532 246.
545 496 603 538 (8.)
639 496 872 540 Antiphona
897 497 944 531 (le
972 498 1020 532 B.
1049 497 1180 532 Maria
1205 497 1251 533 V.

394 591 424 628 Ο
456 589 595 627 florens
627 602 730 640 rosa,
760 591 918 628 Domini
949 595 1071 628 mater
1101 591 1284 638 speciosa,

395 648 425 685 Ο
458 648 563 694 virgo
595 648 708 697 mitis,
741 659 762 684 0
794 647 1068 685 fecundissima
1096 648 1197 697 vitis,

394 704 544 742 Clarior
574 715 723 752 aurora,
756 716 825 751 pro
856 704 964 741 nobis
996 704 1169 741 omnibus
1201 714 1282 751 ora,

395 762 449 800 Ut
479 761 594 798 simus
628 761 733 808 digni
763 763 957 808 postrema
985 762 1068 797 luce
1100 760 1218 799 beari.

154 860 250 892 Offic.
285 871 347 893 ms.
380 861 627 892 Millestadien.
661 871 750 893 saec.
787 859 838 891 12.
887 860 970 892 Cod.
1006 861 1174 893 Virunen.
1209 859 1264 895 38,
1289 862 1328 893 A.
1369 878 1410 882 —
1437 863 1536 894 Brev.
1572 875 1633 894 ms.

64 906 346 938 Emmeramense
373 916 464 937 saec.
494 905 544 937 14.
570 917 622 938 ex.
650 906 736 938 Clm.
762 906 944 937 Monacen.
975 904 1015 937 14
1026 905 1101 938 771.
1128 908 1166 938 B.
1192 924 1236 928 ——

155 949 175 982 2
200 963 219 983 O
246 948 499 983 iucundissima
522 953 606 983 vitis
632 952 670 983 B.
696 968 739 972 -—
763 950 786 982 4
810 951 896 983 fehlt
915 953 952 983 B.
978 969 1022 972 —
1038 952 1119 984 Ant.
1146 953 1200 984 ad.
1219 953 1388 995 Complet.
1414 954 1451 984 in
1471 953 1633 996 Concept.

63 996 102 1027 Β.
127 997 174 1028 Μ.
200 998 240 1028 V.
267 998 308 1028 A.
343 1016 385 1019 —
411 998 489 1028 Ant.
523 995 554 1028 2.
581 997 625 1029 ad
653 996 787 1029 Laudes
814 998 851 1028 in
876 998 1052 1039 Assumpt.
1078 999 1116 1029 B.
1146 1000 1192 1030 M.
1218 1000 1258 1030 V.
1285 1000 1324 1030 B.
1361 1017 1405 1019 —
1430 999 1507 1041 Vgl.
1534 1000 1632 1031 Anal.

63 1041 106 1080 V,
131 1039 192 1082 503
219 1043 348 1081 XXIV,
374 1041 405 1074 6.

455 1176 536 1214 247.
576 1178 634 1219 (9.)
670 1177 986 1222 Responsorium
1012 1179 1050 1213 d.
1079 1188 1111 1214 s.
1140 1179 1253 1214 Afra.

267 1271 313 1309 R.
349 1272 500 1319 Martyr
530 1276 662 1309 sancta
691 1271 776 1317 Dei,
809 1282 905 1318 quae
936 1270 1101 1319 flagrans
1127 1274 1213 1320 igne
1244 1273 1334 1310 fidei

336 1328 528 1365 Flammas
559 1329 741 1375 sprevisti
772 1333 972 1373 tortorum,
1008 1329 1161 1368 victima
1194 1330 1348 1380 Christi,

341 1385 413 1431 Qui
444 1383 599 1422 foedant
632 1396 768 1434 mores,
801 1385 978 1432 precibus
1009 1387 1200 1434 restingue
1232 1388 1388 1437 calores,

271 1443 316 1480 V.
346 1442 501 1479 Crescat
531 1445 574 1478 ut
603 1442 640 1479 in
672 1442 781 1479 nobis
815 1442 933 1479 divini
966 1441 1094 1480 fervor
1121 1445 1270 1481 amoris.

153 1541 298 1584 Antiph.
325 1553 386 1574 ms.
414 1542 589 1582 Augiense
615 1553 704 1574 saec.
734 1541 784 1574 12.
835 1543 919 1575 Cod.
946 1544 1193 1577 Carolsruhan.
1212 1546 1299 1588 Aug.
1319 1545 1392 1576 LX.
1410 1546 1450 1576 A.
1469 1561 1514 1567 —
1532 1547 1633 1577 Brev.

65 1597 127 1619 ms.
152 1587 418 1629 Pruvningense
444 1598 532 1620 saec.
561 1586 612 1619 12.
639 1589 725 1620 Clm.
751 1589 934 1620 Monacen.
961 1587 1088 1622 27037.
1115 1591 1191 1622 add.
1218 1601 1308 1622 saec.
1336 1589 1387 1622 12.
1408 1592 1443 1622 ss.
1475 1609 1509 1612 —-
1531 1592 1633 1623 Brev.

64 1643 126 1664 ms.
152 1633 394 1675 Augustanum
432 1644 522 1665 saec.
559 1632 609 1665 15.
637 1634 724 1666 Clm.
750 1636 933 1666 Monaeen.
966 1633 1066 1668 3902.
1094 1636 1130 1668 C.
1164 1654 1208 1657 —
1234 1638 1273 1668 In
1299 1635 1329 1668 2.
1356 1637 1457 1668 Noc-t.
1486 1638 1586 1678 Hesp.
1612 1635 1634 1668 4

64 1679 112 1718 A3
137 1679 179 1710 In
206 1678 234 1710 1.
260 1679 366 1720 Vesp.
392 1680 495 1721 Resp.
522 1680 558 1711 C.
