1785 3111
285 215 322 251 9.

255 482 320 518 10.

258 755 323 792 11.

256 1026 323 1064 12.

258 1300 327 1338 13.

256 1572 323 1610 14.

259 1844 322 1881 15.

258 2116 320 2154 16.

255 2648 304 2684 18

773 97 1078 137 —254—

355 212 458 249 Ordo
490 215 660 248 sacratus
694 209 951 248 confessorum
980 211 1282 260 praecipuorum,

405 267 560 305 Auxilio
591 272 692 304 tutos
723 268 891 314 undique
923 267 1044 304 redde
1074 275 1158 304 tuos

350 328 474 370 Atque
504 328 569 361 tua
599 329 744 360 nosmet
777 335 891 371 prece
923 324 1148 374 dimittendo
1180 328 1324 360 reatum

404 380 483 417 Nos
516 379 670 428 fragiles
701 381 860 417 multum
891 380 1064 418 cladibus
1095 380 1301 427 omnigenis
1332 402 1386 405 —

353 482 492 518 Paulus
525 486 562 518 et
593 482 794 531 Antonius,
826 482 1019 519 Macarius
1052 482 1321 528 Arseniusque,

407 538 645 583 Pachomius,
677 539 796 585 Beda,
829 539 974 585 Attala,
1011 539 1256 586 Paphnutius,

351 594 593 641 Bertolphus‚
628 595 860 641 LibertinuS,
892 596 1057 632 Basilius
1089 600 1201 641 atque

408 651 664 699 Hieronymus
697 652 842 701 doctor,
875 663 942 689 nos
973 652 1163 698 miserate,
1196 662 1344 700 precor.

358 753 481 799 Galle,
517 753 589 790 Dei
622 754 757 790 summi
788 754 897 790 miles
929 752 1135 790 fortissime
1167 753 1321 801 Christi,

409 809 529 847 Nobis
562 821 660 847 nunc
692 809 842 847 famulis
874 810 1059 847 auxiliare
1089 810 1177 850 tuis.

349 866 413 904 Nil
449 867 503 903 sic
534 867 777 913 perspicuum
808 868 951 915 poterit
981 878 1053 904 vox
1085 867 1188 904 clara
1219 864 1377 914 referre,

405 924 456 961 Ut
491 924 600 960 decet
631 924 669 960 in
701 924 768 960 tali
800 934 898 961 nunc
930 923 1050 970 patris
1087 923 1279 970 obsequio.

355 1026 429 1062 Hic
462 1026 531 1062 tibi
562 1026 757 1072 perpetuis
790 1030 969 1063 resonant
1000 1025 1245 1062 concentibus
1275 1025 1389 1062 aedes

404 1082 562 1120 Ossibus
595 1087 633 1118 et
664 1083 781 1120 sacris
813 1093 963 1129 semper
993 1082 1155 1119 habetur
1186 1082 1314 1130 honos,

351 1139 446 1176 Cum
479 1139 570 1176 laeti
602 1137 734 1176 famuli
766 1139 961 1176 celebrant
992 1139 1053 1175 hic
1084 1137 1182 1176 festa
1213 1138 1366 1185 benigni

404 1195 602 1233 Laudibus
634 1196 820 1233 instantes
852 1200 962 1232 nocte
995 1196 1130 1242 dieque
1159 1196 1247 1234 tuis.

359 1298 493 1345 Dirige
526 1299 643 1335 corda
673 1298 758 1345 pius
790 1303 825 1334 et
857 1303 1030 1345 tempora
1062 1298 1181 1345 dirige
1212 1301 1341 1335 nostra

407 1355 646 1401 Atque-dies
679 1355 798 1392 laetos
832 1355 970 1392 ducere
1001 1355 1050 1392 da
1081 1355 1254 1402 famulos,

350 1412 401 1449 Ut
435 1422 586 1458 semper
614 1412 767 1448 valeant
798 1412 946 1448 tibimet
977 1416 1130 1449 cantare
1161 1412 1289 1459 quieti,

409 1469 463 1505 Te
495 1480 644 1515 quoque
676 1469 830 1505 caelesti
863 1479 1019 1505 cernere
1051 1469 1134 1505 luce
1163 1468 1254 1515 poli.

356 1572 386 1609 O
423 1572 561 1608 dilecte
593 1572 685 1619 Deo,
719 1572 874 1609 radians
908 1573 1045 1608 virtute
1077 1581 1234 1608 corusca

409 1628 546 1665 Sancte
577 1629 747 1666 Ottmare
779 1633 899 1677 pater,
933 1628 1044 1675 iunge
1075 1638 1207 1675 preces
1238 1628 1393 1674 pariter.

315 1696 318 1700 ·
352 1685 553 1722 intercede
584 1685 666 1732 pius
700 1686 847 1722 veniam
879 1685 1071 1732 poscendo
1101 1684 1257 1721 misellis

407 1743 585 1788 Aureque
616 1743 688 1778 iam
722 1742 864 1779 blanda
892 1742 1059 1778 carmina
1087 1741 1315 1788 percipiens,

355 1844 505 1880 Summe
537 1844 606 1880 Dei
641 1844 773 1890 cultor,
806 1843 1073 1880 monachorum
1105 1847 1228 1879 rector
1260 1847 1296 1878 et
1325 1842 1436 1891 abba,

407 1901 436 1938 Ο
470 1901 689 1949 Benedicte,
724 1910 831 1936 sacer
861 1904 973 1946 atque
1004 1899 1165 1945 benigne
1195 1903 1316 1946 pater,

350 1957 459 1993 Istud
494 1957 714 1993 coenobium
747 1961 967 2003 coetumque
999 1956 1068 1992 tibi
1101 1955 1348 1993 famulantum

413 2014 628 2059 Nostraque
659 2012 900 2050 sanctificans
933 2018 1068 2050 cuncta
1099 2017 1203 2049 tuere
1235 2013 1359 2049 simul.

352 2114 536 2152 Felicitas
570 2115 673 2155 felix.
706 2115 872 2163 Eulalia,
904 2115 1041 2162 Digna,
1073 2116 1226 2153 Verena

410 2173 701 2218 Petronellaque
734 2183 816 2208 cum
848 2176 1005 2220 perpete
1038 2173 1240 2219 Perpetua,

350 2229 478 2274 Agnes
510 2233 621 2275 atque
652 2229 834 2277 Agathes,
869 2228 1074 2277 Christina,
1105 2228 1313 2275 Euprepia,
1346 2228 1499 2269 Thecla,

403 2283 593 2331 Eufemia,
626 2286 782 2333 Regula⁷
815 2285 985 2332 Eugenia
1016 2289 1128 2331 atque
1159 2285 1268 2328 bona,

354 2387 585 2433 Virginitate
617 2388 753 2424 chorus
787 2388 1037 2434 resplendens
1070 2387 1357 2424 candidularum

407 2443 536 2480 Turba
567 2444 779 2490 puellarum
811 2445 1028 2490 integritate
1060 2444 1194 2492 nitens,

345 2501 447 2546 Quae
479 2501 635 2546 geminis
667 2500 808 2546 gaudes
840 2501 1039 2547 pulchrum
1073 2500 1251 2536 decorata
1279 2499 1426 2536 coronis

404 2556 536 2593 Laude
565 2556 772 2602 pudicitiae
802 2558 1052 2603 martyriique
1083 2557 1207 2604 simul,

353 2647 491 2684 Omnes
523 2657 622 2683 nunc
653 2647 785 2693 sancti,
819 2648 958 2684 nostris
990 2647 1199 2683 succurrite
1229 2647 1346 2693 lapsis

402 2703 452 2740 Et
483 2703 628 2739 veniam
662 2704 805 2739 cunctis
840 2702 937 2740 ferte
969 2705 1133 2740 iuvando
1164 2704 1296 2751 malis3

347 2759 442 2797 Nam
477 2760 611 2795 vestris
644 2760 832 2806 precibus,
867 2761 996 2806 petitis
1027 2770 1269 2806 quaecunque
1301 2763 1487 2806 rogantes,

404 2817 551 2853 Annuit
582 2816 663 2862 ipse
695 2817 779 2862 pius
811 2816 938 2863 nilque
969 2821 1080 2862 negat
1112 2817 1305 2853 Dominus.
