1785 3111
72 161 136 197 56.

69 396 133 433 58.

68 516 134 554 59.

67 634 133 673 60.

67 753 132 790 61.

67 872 132 910 62.

65 1110 131 1147 64.

65 1229 130 1266 65.

64 1348 130 1385 66.

64 1462 129 1499 67.

64 1575 130 1612 68.

63 1688 130 1726 69.

66 1801 128 1839 70.

66 1915 130 1952 71.

66 2028 132 2066 72.

697 66 751 70 -
812 42 894 83 503
956 67 1006 71 *-

180 156 320 195 Exstat
348 168 445 194 unus
474 157 513 194 in
544 156 730 205 omnibus,

181 215 234 253 Ut
265 223 416 260 semper
444 211 514 250 flos
544 217 619 250 stet
643 213 813 260 spiritus,

128 309 134 316 .
183 275 350 322 Tempus
380 275 662 313 vicissitudines

182 333 264 370 Nec
293 332 409 370 habet
438 332 500 369 hic
530 332 744 382 mutabiles,

182 394 242 433 Ex
274 395 363 432 solis
394 394 504 431 huius
536 394 669 431 iubare

180 451 253 488 Est
282 451 340 488 vis
370 450 485 497 plena
516 451 709 499 scientiae,

181 512 328 551 Rerum
358 523 471 550 nosse
501 513 731 560 principium

179 570 250 607 Est
281 580 411 606 verum
442 570 551 607 iustis
583 571 798 619 sabbatum,

179 631 247 670 Nil
279 632 367 669 huic
397 632 666 679 comparabile,

181 689 386 735 Splendori
415 693 522 726 tanto
553 689 687 735 simile,

180 749 246 789 Ad
260 756 411 788 sanctos
423 751 516 788 haec
528 752 594 789 lux
607 751 813 798 spargitur,

178 809 283 845 Hinc
313 811 394 845 tota
425 819 570 845 merces
602 807 783 855 sequitur,

180 869 268 908 Lux
308 870 404 907 lucis
435 871 530 907 haec
562 870 813 917 cognoscitur,

180 926 325 966 Umbra
362 927 501 963 mentis
533 938 606 973 qua
636 926 812 975 vincitur,

95 1014 129 1027 ..
179 987 283 1037 Iesu,
318 989 415 1035 Iesu,
448 999 515 1026 rex
546 989 722 1038 omnium,

176 1047 276 1092 Quos
307 1045 426 1092 gratis
459 1046 598 1094 salvas,
633 1045 781 1091 civium,

178 1107 261 1145 Tua
290 1112 375 1144 tuos
405 1108 445 1145 in
475 1109 600 1157 gratia

176 1165 274 1202 Dum
305 1163 506 1211 perfundis
536 1165 703 1208 insolita,

177 1226 323 1264 Electis
352 1238 373 1264 o
404 1227 613 1274 tripudium

177 1284 284 1320 Saltu
314 1284 451 1321 mentis
482 1284 773 1331 praecognitum

176 1345 325 1393 Regum
356 1346 456 1393 regis
487 1357 508 1383 0
539 1348 654 1395 regia,

180 1404 334 1439 Vocatis
364 1403 477 1449 plena
509 1404 630 1450 copia,

176 1459 334 1499 Vnitum
367 1459 581 1497 aedificium

178 1517 367 1564 Compago
398 1516 527 1553 reddit
557 1516 743 1563 lapidum,

176 1572 263 1610 Non
294 1573 413 1610 intrat
441 1574 552 1610 istam
585 1571 770 1620 perfidus.

181 1630 265 1667 Non
297 1631 375 1667 exit
405 1630 499 1667 lucis
531 1629 643 1677 filius,

177 1685 251 1724 Isti
283 1698 369 1724 suas
398 1697 468 1733 per
498 1687 644 1735 species

175 1743 269 1780 Sunt
299 1744 398 1780 vitro
430 1743 720 1790 comparabiles.

177 1798 361 1838 (loruscat
392 1800 572 1846 templum
604 1799 764 1846 iaspide,

178 1857 275 1893 Fide
306 1857 445 1894 virenti
475 1857 617 1904 lapide,

180 1911 305 1951 Aulae
337 1914 524 1960 saphyrus
555 1913 739 1960 congruit,

180 1970 297 2014 Quem
314 1970 404 2007 solis
422 1971 606 2017 splendor
622 1969 810 2018 provehit,

177 2025 338 2064 Mittens
369 2037 415 2063 ex
446 2038 486 2063 se
517 2032 557 2063 ut
588 2037 723 2064 aureas

179 2083 254 2120 Hic
285 2083 579 2131 chrysoprassus
609 2083 775 2130 guttulas

181 2138 297 2177 Arcis
327 2151 515 2187 supernae
545 2140 680 2177 solium

184 2197 376 2234 Monstrat
392 2198 430 2233 in
447 2197 505 2234 his
524 2196 815 2244 chrysolithum,

184 2252 496 2291 Transscendens
527 2254 625 2300 lapis
658 2253 784 2290 omnia

184 2310 350 2347 Glaucus
381 2322 506 2348 rerum
538 2310 678 2346 viridia

183 2366 305 2404 Extra
337 2367 496 2413 pallenti
528 2365 702 2414 formula,

182 2424 316 2460 Virens
348 2424 450 2459 intus
482 2433 550 2469 per
581 2423 727 2469 merita,

180 2479 305 2527 Regni
336 2478 445 2516 floret
475 2480 512 2516 in
545 2478 690 2515 foribus

181 2537 375 2574 lacinthus
406 2541 535 2583 gratus
569 2535 730 2582 regibus,

127 2625 134 2632 .
181 2590 296 2630 Color
326 2594 466 2639 triplex
498 2603 608 2639 quem
643 2592 808 2639 denotat,

180 2649 263 2686 Non
295 2650 528 2696 amethystus
559 2650 674 2685 lateat

126 2735 134 2742 .
179 2703 273 2743 Alto
305 2706 484 2743 virtutum
516 2706 670 2753 speculo

180 2761 362 2800 Laetatur
391 2763 482 2799 urbs
514 2763 674 2811 topazio,

887 159 952 196 56.

887 277 951 316 57.

887 397 952 434 58.

887 515 952 553 59.

887 634 952 670 60.

887 752 952 789 61.

886 871 951 909 62.

887 991 953 1028 63.

884 1111 949 1148 64.

884 1231 949 1267 65.

885 1350 949 1387 66.

884 1461 949 1499 67.

886 1576 951 1613 68.

884 1690 949 1728 69.

886 1802 949 1839 70.

998 156 1182 195 Defectus
1213 169 1287 194 non
1318 157 1378 194 hic
1410 157 1517 203 senii,

998 214 1084 251 Non
1115 224 1215 250 mors
1245 224 1291 250 ex
1322 219 1405 251 arte
1437 213 1596 252 colubri.

999 274 1092 314 Orto
1122 276 1201 312 sole
1230 276 1398 314 iustitiae

999 332 1183 369 Mortales
1216 333 1356 371 cedunt
1385 332 1578 370 tenebrae.

998 394 1144 432 Mundo
1175 395 1281 432 cordi
1313 396 1477 442 cognitio

1001 451 1164 488 Deitatis
1198 456 1234 487 et
1267 452 1374 489 visio.

998 512 1047 551 In
1075 513 1146 550 hoc
1176 513 1297 551 beatis
1330 513 1478 560 requies

999 570 1242 617 Cognovisse,
1274 571 1374 616 quod
1406 570 1508 606 Deus
1541 581 1593 608 05.

1000 631 1087 669 Non
1118 633 1248 669 mundi
1280 637 1411 669 vertex
1445 642 1581 668 aureus

998 689 1079 725 Nec
1109 693 1210 725 totus
1242 688 1344 725 orbis
1377 688 1554 726 ambitus.

998 750 1166 788 Eternae
1197 750 1301 797 pacis
1332 751 1440 797 visio,

1000 807 1199 844 Trinitatis
1231 807 1386 853 agnitio.

1000 868 1082 920 Qua
1118 868 1264 906 fructus
1295 869 1396 906 vitae
1428 869 1633 915 prodeunt,

1001 927 1069 963 Vel
1100 926 1239 963 mutari
1270 926 1333 972 qui
1365 926 1548 964 nesciunt.

1000 988 1126 1035 Votis,
1158 1000 1251 1026 voce
1283 989 1366 1035 quis
1399 988 1579 1034 explicat,

996 1046 1098 1084 Urbs
1108 1046 1282 1083 caelestis
1291 1045 1391 1092 quod
1402 1048 1606 1091 praeparat
1615 1043 1632 1080 )

997 1107 1186 1146 Adunans
1217 1119 1290 1145 uno
1323 1118 1477 1145 munere

996 1166 1139 1203 Multos
1170 1166 1209 1202 in
1240 1169 1369 1201 nostro
1402 1174 1574 1210 vespere.

997 1227 1097 1265 Mori
1129 1239 1316 1274 nunquam
1351 1238 1419 1263 nec
1451 1226 1602 1269 cadere,

996 1285 1140 1322 Mutari
1171 1295 1240 1321 nec
1273 1283 1454 1322 deficere!

997 1345 1091 1384 Alta
1120 1347 1237 1383 muris
1269 1350 1304 1382 et
1335 1346 1517 1391 turribus,

998 1404 1110 1441 Clara
1142 1405 1217 1440 suis
1250 1404 1288 1440 in
1319 1403 1493 1440 milibus!

998 1460 1107 1498 Bono
1140 1466 1315 1497 constans
1347 1459 1505 1506 artifice,

998 1518 1027 1555 O
1061 1518 1153 1554 civis
1186 1517 1295 1554 huius
1328 1517 1475 1563 regiae!

1000 1573 1085 1612 Stat
1117 1574 1211 1611 ordo
1242 1573 1339 1610 fixus
1370 1573 1538 1619 lapidum

998 1633 1138 1677 Quater
1175 1631 1287 1667 trium
1321 1641 1390 1677 per
1424 1639 1632 1666 numerum.

1001 1686 1185 1726 Constant
1216 1688 1369 1734 quidam
1401 1696 1615 1733 purpureae

998 1745 1178 1793 Naturae,
1209 1745 1364 1790 quidam
1395 1744 1541 1790 igneae.

997 1799 1096 1839 Olim
1128 1801 1257 1838 mundi
1289 1801 1352 1848 qui
1382 1800 1569 1847 pallidum

996 1859 1146 1895 Virtute
1177 1858 1267 1895 vicit
1299 1856 1508 1895 flosculum.

996 1914 1144 1952 Notans
1177 1915 1302 1951 colore
1333 1914 1472 1961 sidera,

999 1972 1130 2009 Clarus
1162 1972 1201 2008 in
1231 1971 1362 2008 mundi
1394 1980 1567 2017 vespera.

997 2028 1133 2065 Dictae
1164 2032 1345 2075 perornat
1378 2027 1554 2074 Solymae

998 2085 1134 2123 Castra
1166 2085 1303 2121 virenti
1333 2084 1479 2124 iubare,

998 2140 1047 2179 In
1080 2141 1196 2178 verbo
1227 2141 1320 2186 legis
1353 2150 1519 2189 aureum,

997 2198 1119 2235 Menti
1150 2198 1337 2233 lucentem
1369 2197 1574 2235 hominum.

998 2253 1048 2292 Se
1079 2254 1301 2300 smaragdus
1334 2253 1392 2290 his
1423 2254 1573 2298 inserit,

998 2311 1148 2347 Morum
1172 2311 1286 2347 decor
1303 2321 1413 2357 quem
1431 2309 1627 2356 prospicit.

999 2366 1104 2404 Talis
1136 2367 1306 2414 beryllus
1338 2367 1506 2415 ponitur,

1000 2424 1071 2469 Qui
1103 2434 1232 2460 caesus
1265 2422 1412 2471 fulgens
1442 2423 1631 2461 redditur.

1000 2479 1049 2517 Iu
1082 2481 1222 2517 sanctis
1253 2481 1515 2526 immutabilis,

1002 2537 1121 2574 Cursu
1153 2541 1321 2574 mutatur
1351 2537 1547 2583 temporis.

941 2626 946 2632 .
994 2592 1148 2631 Testem
1180 2594 1322 2633 Christi
1354 2604 1579 2641 purpureuS,

996 2650 1160 2687 Violaris
1193 2656 1227 2687 et
1261 2661 1402 2688 roseus.

915 2736 946 2745 s.
994 2705 1161 2754 Insignis
1194 2708 1253 2743 hic
1286 2707 1513 2744 multicolor.

995 2763 1105 2801 Unde
1137 2764 1346 2800 coniunctis
1379 2763 1538 2809 dignior.
