<?xml version="1.0" encoding="UTF-8"?>
<!DOCTYPE html PUBLIC "-//W3C//DTD XHTML 1.0 Transitional//EN"
    "http://www.w3.org/TR/xhtml1/DTD/xhtml1-transitional.dtd">
<html xmlns="http://www.w3.org/1999/xhtml" xml:lang="en" lang="en">
 <head>
  <title>
</title>
<meta http-equiv="Content-Type" content="text/html;charset=utf-8" />
  <meta name='ocr-system' content='tesseract 3.04.00' />
  <meta name='ocr-capabilities' content='ocr_page ocr_carea ocr_par ocr_line ocrx_word'/>
</head>
<body>
  <div class='ocr_page' id='page_1' title='image "./analectahymnicam50drevuoft/analectahymnicam50drevuoft_0385.png"; bbox 0 0 1785 3111; ppageno 0'>
   <div class='ocr_carea' id='block_1_1' title="bbox 89 163 1580 1347">
    <p class='ocr_par' dir='ltr' id='par_1_1' title="bbox 125 163 1580 326">
     <span class='ocr_line' id='line_1_1' title="bbox 125 163 1515 210; baseline -0.002 -7"><span class='ocrx_word' id='word_1_1' title='bbox 125 165 194 204; x_wconf 84' lang='lat' dir='ltr'>7a.</span> <span class='ocrx_word' id='word_1_2' title='bbox 237 164 344 201; x_wconf 86' lang='lat' dir='ltr'>Haec</span> <span class='ocrx_word' id='word_1_3' title='bbox 375 168 434 201; x_wconf 79' lang='lat' dir='ltr'>est</span> <span class='ocrx_word' id='word_1_4' title='bbox 462 163 608 202; x_wconf 79' lang='lat' dir='ltr'>laetitia</span> <span class='ocrx_word' id='word_1_5' title='bbox 943 164 1016 204; x_wconf 89' lang='lat' dir='ltr'>7b.</span> <span class='ocrx_word' id='word_1_6' title='bbox 1060 164 1166 209; x_wconf 78' lang='lat' dir='ltr'>Quod</span> <span class='ocrx_word' id='word_1_7' title='bbox 1198 164 1309 210; x_wconf 90' lang='lat' dir='ltr'>lupus</span> <span class='ocrx_word' id='word_1_8' title='bbox 1341 163 1515 200; x_wconf 88' lang='lat' dir='ltr'>Herodes</span> 
     </span>
     <span class='ocr_line' id='line_1_2' title="bbox 235 219 1418 268; baseline -0.002 -10"><span class='ocrx_word' id='word_1_9' title='bbox 235 231 302 258; x_wconf 89' lang='lat' dir='ltr'>suo</span> <span class='ocrx_word' id='word_1_10' title='bbox 333 221 478 268; x_wconf 82' lang='lat' dir='ltr'>pastori</span> <span class='ocrx_word' id='word_1_11' title='bbox 1054 220 1259 257; x_wconf 82' lang='lat' dir='ltr'>frustratus</span> <span class='ocrx_word' id='word_1_12' title='bbox 1292 219 1418 257; x_wconf 86' lang='lat' dir='ltr'>fremit</span> 
     </span>
     <span class='ocr_line' id='line_1_3' title="bbox 234 276 1580 326; baseline 0.001 -12"><span class='ocrx_word' id='word_1_13' title='bbox 234 277 506 326; x_wconf 84' lang='lat' dir='ltr'>congaudentis</span> <span class='ocrx_word' id='word_1_14' title='bbox 537 278 735 324; x_wconf 86' lang='lat' dir='ltr'>ecclesiae,</span> <span class='ocrx_word' id='word_1_15' title='bbox 1055 281 1090 314; x_wconf 87' lang='lat' dir='ltr'>et</span> <span class='ocrx_word' id='word_1_16' title='bbox 1122 277 1230 324; x_wconf 85' lang='lat' dir='ltr'>plebs</span> <span class='ocrx_word' id='word_1_17' title='bbox 1264 277 1420 314; x_wconf 82' lang='lat' dir='ltr'>Iudaica</span> <span class='ocrx_word' id='word_1_18' title='bbox 1451 276 1580 324; x_wconf 78' lang='lat' dir='ltr'>gemit.</span> 
     </span>
    </p>

    <p class='ocr_par' dir='ltr' id='par_1_2' title="bbox 121 390 1377 608">
     <span class='ocr_line' id='line_1_4' title="bbox 121 390 1375 438; baseline -0.002 -8"><span class='ocrx_word' id='word_1_19' title='bbox 121 393 192 430; x_wconf 75' lang='lat' dir='ltr'>Sa.</span> <span class='ocrx_word' id='word_1_20' title='bbox 236 391 344 428; x_wconf 86' lang='lat' dir='ltr'>Victo</span> <span class='ocrx_word' id='word_1_21' title='bbox 374 390 531 428; x_wconf 86' lang='lat' dir='ltr'>Herode</span> <span class='ocrx_word' id='word_1_22' title='bbox 940 390 1012 430; x_wconf 82' lang='lat' dir='ltr'>8b.</span> <span class='ocrx_word' id='word_1_23' title='bbox 1056 391 1167 428; x_wconf 92' lang='lat' dir='ltr'>Illum</span> <span class='ocrx_word' id='word_1_24' title='bbox 1200 391 1375 438; x_wconf 79' lang='lat' dir='ltr'>vivendo,</span> 
     </span>
     <span class='ocr_line' id='line_1_5' title="bbox 234 447 1377 485; baseline -0.001 -1"><span class='ocrx_word' id='word_1_25' title='bbox 234 448 405 485; x_wconf 83' lang='lat' dir='ltr'>succedit</span> <span class='ocrx_word' id='word_1_26' title='bbox 435 448 539 485; x_wconf 88' lang='lat' dir='ltr'>Nero</span> <span class='ocrx_word' id='word_1_27' title='bbox 1052 448 1150 484; x_wconf 89' lang='lat' dir='ltr'>hunc</span> <span class='ocrx_word' id='word_1_28' title='bbox 1181 447 1377 484; x_wconf 87' lang='lat' dir='ltr'>moriendo</span> 
     </span>
     <span class='ocr_line' id='line_1_6' title="bbox 231 504 1322 543; baseline -0.003 -1"><span class='ocrx_word' id='word_1_29' title='bbox 231 504 439 542; x_wconf 89' lang='lat' dir='ltr'>vincendus</span> <span class='ocrx_word' id='word_1_30' title='bbox 471 516 493 542; x_wconf 84' lang='lat' dir='ltr'><strong>a</strong></span> <span class='ocrx_word' id='word_1_31' title='bbox 527 506 638 543; x_wconf 81' lang='lat' dir='ltr'>Petro</span> <span class='ocrx_word' id='word_1_32' title='bbox 1053 505 1191 541; x_wconf 86' lang='lat' dir='ltr'>devicit</span> <span class='ocrx_word' id='word_1_33' title='bbox 1223 504 1322 540; x_wconf 75' lang='lat' dir='ltr'>vinci</span> 
     </span>
     <span class='ocr_line' id='line_1_7' title="bbox 230 561 1377 608; baseline -0.001 -9"><span class='ocrx_word' id='word_1_34' title='bbox 230 561 415 608; x_wconf 84' lang='lat' dir='ltr'>apostolo.</span> <span class='ocrx_word' id='word_1_35' title='bbox 1051 562 1200 597; x_wconf 86' lang='lat' dir='ltr'>nescius</span> <span class='ocrx_word' id='word_1_36' title='bbox 1229 562 1377 598; x_wconf 82' lang='lat' dir='ltr'>Petrus.</span> 
     </span>
    </p>

    <p class='ocr_par' dir='ltr' id='par_1_3' title="bbox 119 674 1404 894">
     <span class='ocr_line' id='line_1_8' title="bbox 119 674 1273 714; baseline -0.003 0"><span class='ocrx_word' id='word_1_37' title='bbox 119 677 187 714; x_wconf 83' lang='lat' dir='ltr'>9a.</span> <span class='ocrx_word' id='word_1_38' title='bbox 230 676 323 714; x_wconf 90' lang='lat' dir='ltr'>Cum</span> <span class='ocrx_word' id='word_1_39' title='bbox 355 675 507 712; x_wconf 83' lang='lat' dir='ltr'>Simone</span> <span class='ocrx_word' id='word_1_40' title='bbox 937 674 1011 712; x_wconf 83' lang='grc'><strong>91).</strong></span> <span class='ocrx_word' id='word_1_41' title='bbox 1054 675 1088 710; x_wconf 85' lang='lat' dir='ltr'>A</span> <span class='ocrx_word' id='word_1_42' title='bbox 1121 674 1273 710; x_wconf 86' lang='lat' dir='ltr'>Simone</span> 
     </span>
     <span class='ocr_line' id='line_1_9' title="bbox 230 736 1341 779; baseline -0.002 -11"><span class='ocrx_word' id='word_1_43' title='bbox 230 743 378 779; x_wconf 88' lang='lat' dir='ltr'>quoque</span> <span class='ocrx_word' id='word_1_44' title='bbox 409 743 518 779; x_wconf 83' lang='lat' dir='ltr'>mago</span> <span class='ocrx_word' id='word_1_45' title='bbox 1049 736 1175 768; x_wconf 81' lang='lat' dir='ltr'>tamen</span> <span class='ocrx_word' id='word_1_46' title='bbox 1206 741 1341 776; x_wconf 80' lang='lat' dir='ltr'>magno</span> 
     </span>
     <span class='ocr_line' id='line_1_10' title="bbox 230 787 1341 835; baseline -0.003 -10"><span class='ocrx_word' id='word_1_47' title='bbox 230 787 304 825; x_wconf 84' lang='lat' dir='ltr'>fuit</span> <span class='ocrx_word' id='word_1_48' title='bbox 333 789 391 825; x_wconf 94' lang='lat' dir='ltr'>illi</span> <span class='ocrx_word' id='word_1_49' title='bbox 1051 787 1177 824; x_wconf 87' lang='lat' dir='ltr'>Simon</span> <span class='ocrx_word' id='word_1_50' title='bbox 1211 797 1341 835; x_wconf 79' lang='lat' dir='ltr'>magus</span> 
     </span>
     <span class='ocr_line' id='line_1_11' title="bbox 229 843 1404 894; baseline -0.001 -12"><span class='ocrx_word' id='word_1_51' title='bbox 229 845 414 883; x_wconf 84' lang='lat' dir='ltr'>maximus</span> <span class='ocrx_word' id='word_1_52' title='bbox 447 843 665 894; x_wconf 78' lang='lat' dir='ltr'>conflictus3</span> <span class='ocrx_word' id='word_1_53' title='bbox 1051 843 1191 881; x_wconf 78' lang='lat' dir='ltr'>cecidit</span> <span class='ocrx_word' id='word_1_54' title='bbox 1221 843 1404 881; x_wconf 79' lang='lat' dir='ltr'>devictuS.</span> 
     </span>
    </p>

    <p class='ocr_par' dir='ltr' id='par_1_4' title="bbox 89 956 1442 1234">
     <span class='ocr_line' id='line_1_12' title="bbox 89 956 1442 1008; baseline -0.004 -9"><span class='ocrx_word' id='word_1_55' title='bbox 89 960 140 999; x_wconf 91' lang='grc'>10</span> <span class='ocrx_word' id='word_1_56' title='bbox 153 970 188 998; x_wconf 84' lang='lat' dir='ltr'>a.</span> <span class='ocrx_word' id='word_1_57' title='bbox 229 959 352 1008; x_wconf 91' lang='lat' dir='ltr'>Nunc,</span> <span class='ocrx_word' id='word_1_58' title='bbox 385 962 517 1005; x_wconf 81' lang='lat' dir='ltr'>pastor</span> <span class='ocrx_word' id='word_1_59' title='bbox 546 958 742 1007; x_wconf 78' lang='lat' dir='ltr'>ecclesiae,</span> <span class='ocrx_word' id='word_1_60' title='bbox 910 957 1007 996; x_wconf 88' lang='lat' dir='ltr'>lOb.</span> <span class='ocrx_word' id='word_1_61' title='bbox 1052 957 1193 1004; x_wconf 86' lang='lat' dir='ltr'>Culpas</span> <span class='ocrx_word' id='word_1_62' title='bbox 1226 956 1442 1004; x_wconf 80' lang='lat' dir='ltr'>septuagies</span> 
     </span>
     <span class='ocr_line' id='line_1_13' title="bbox 228 1015 1335 1063; baseline -0.003 -10"><span class='ocrx_word' id='word_1_63' title='bbox 228 1027 296 1053; x_wconf 91' lang='lat' dir='ltr'>nos</span> <span class='ocrx_word' id='word_1_64' title='bbox 328 1016 474 1053; x_wconf 86' lang='lat' dir='ltr'>vinctos</span> <span class='ocrx_word' id='word_1_65' title='bbox 505 1015 654 1062; x_wconf 89' lang='lat' dir='ltr'>respice</span> <span class='ocrx_word' id='word_1_66' title='bbox 1048 1015 1188 1061; x_wconf 85' lang='lat' dir='ltr'>septies</span> <span class='ocrx_word' id='word_1_67' title='bbox 1221 1015 1335 1063; x_wconf 89' lang='lat' dir='ltr'>dilue,</span> 
     </span>
     <span class='ocr_line' id='line_1_14' title="bbox 230 1070 1430 1118; baseline -0.003 -8"><span class='ocrx_word' id='word_1_68' title='bbox 230 1072 374 1110; x_wconf 84' lang='lat' dir='ltr'>duabus</span> <span class='ocrx_word' id='word_1_69' title='bbox 406 1072 549 1109; x_wconf 83' lang='lat' dir='ltr'>catenis</span> <span class='ocrx_word' id='word_1_70' title='bbox 1048 1082 1188 1118; x_wconf 78' lang='lat' dir='ltr'>poenas</span> <span class='ocrx_word' id='word_1_71' title='bbox 1219 1070 1430 1108; x_wconf 88' lang='lat' dir='ltr'>amovendo</span> 
     </span>
     <span class='ocr_line' id='line_1_15' title="bbox 228 1129 1279 1178; baseline -0.002 -12"><span class='ocrx_word' id='word_1_72' title='bbox 228 1130 387 1178; x_wconf 86' lang='lat' dir='ltr'>magnis,</span> <span class='ocrx_word' id='word_1_73' title='bbox 422 1129 544 1176; x_wconf 89' lang='lat' dir='ltr'>culpis</span> <span class='ocrx_word' id='word_1_74' title='bbox 1047 1129 1279 1175; x_wconf 84' lang='lat' dir='ltr'>sempiterna</span> 
     </span>
     <span class='ocr_line' id='line_1_16' title="bbox 231 1185 1358 1234; baseline 0.001 -11"><span class='ocrx_word' id='word_1_75' title='bbox 231 1188 502 1233; x_wconf 82' lang='lat' dir='ltr'>culparumque</span> <span class='ocrx_word' id='word_1_76' title='bbox 532 1185 677 1233; x_wconf 85' lang='lat' dir='ltr'>poenis.</span> <span class='ocrx_word' id='word_1_77' title='bbox 1046 1185 1186 1234; x_wconf 82' lang='lat' dir='ltr'>gaudia</span> <span class='ocrx_word' id='word_1_78' title='bbox 1217 1185 1358 1224; x_wconf 82' lang='lat' dir='ltr'>obtine.</span> 
     </span>
    </p>

    <p class='ocr_par' dir='ltr' id='par_1_5' title="bbox 89 1296 1533 1347">
     <span class='ocr_line' id='line_1_17' title="bbox 89 1296 1533 1347; baseline -0.003 -8"><span class='ocrx_word' id='word_1_79' title='bbox 89 1301 188 1340; x_wconf 85' lang='lat' dir='ltr'>lla.</span> <span class='ocrx_word' id='word_1_80' title='bbox 229 1300 358 1347; x_wconf 90' lang='lat' dir='ltr'>Lupos</span> <span class='ocrx_word' id='word_1_81' title='bbox 388 1309 547 1346; x_wconf 79' lang='lat' dir='ltr'>rapaces</span> <span class='ocrx_word' id='word_1_82' title='bbox 577 1309 666 1337; x_wconf 85' lang='lat' dir='ltr'>arce</span> <span class='ocrx_word' id='word_1_83' title='bbox 912 1299 1010 1338; x_wconf 87' lang='grc'><strong>111).</strong></span> <span class='ocrx_word' id='word_1_84' title='bbox 1054 1299 1216 1337; x_wconf 90' lang='lat' dir='ltr'>Simonis</span> <span class='ocrx_word' id='word_1_85' title='bbox 1247 1298 1347 1345; x_wconf 81' lang='lat' dir='ltr'>magi</span> <span class='ocrx_word' id='word_1_86' title='bbox 1378 1296 1533 1335; x_wconf 81' lang='lat' dir='ltr'>fraudes</span> 
     </span>
    </p>
   </div>
   <div class='ocr_carea' id='block_1_2' title="bbox 231 1356 669 1404">
    <p class='ocr_par' dir='ltr' id='par_1_6' title="bbox 231 1356 669 1404">
     <span class='ocr_line' id='line_1_18' title="bbox 231 1356 669 1404; baseline -0.007 -9"><span class='ocrx_word' id='word_1_87' title='bbox 231 1358 279 1395; x_wconf 89' lang='lat' dir='ltr'>de</span> <span class='ocrx_word' id='word_1_88' title='bbox 308 1356 485 1404; x_wconf 83' lang='lat' dir='ltr'>gregibus</span> <span class='ocrx_word' id='word_1_89' title='bbox 515 1356 669 1403; x_wconf 80' lang='lat' dir='ltr'>Christi,</span> 
     </span>
    </p>
   </div>
   <div class='ocr_carea' id='block_1_3' title="bbox 835 50 1031 90">
    <p class='ocr_par' dir='ltr' id='par_1_7' title="bbox 835 50 1031 90">
     <span class='ocr_line' id='line_1_19' title="bbox 835 50 1031 90; baseline 0 0"><span class='ocrx_word' id='word_1_90' title='bbox 835 50 916 90; x_wconf 82' lang='lat'>365</span> <span class='ocrx_word' id='word_1_91' title='bbox 976 72 1031 77; x_wconf 94' lang='lat'>—</span> 
     </span>
    </p>
   </div>
   <div class='ocr_carea' id='block_1_4' title="bbox 1051 1356 1418 1402">
    <p class='ocr_par' dir='ltr' id='par_1_8' title="bbox 1051 1356 1418 1402">
     <span class='ocr_line' id='line_1_20' title="bbox 1051 1356 1418 1402; baseline -0.005 -8"><span class='ocrx_word' id='word_1_92' title='bbox 1051 1357 1203 1394; x_wconf 89' lang='lat' dir='ltr'>destrue</span> <span class='ocrx_word' id='word_1_93' title='bbox 1232 1356 1418 1402; x_wconf 82' lang='lat' dir='ltr'>malignas</span> 
     </span>
    </p>
   </div>
   <div class='ocr_carea' id='block_1_5' title="bbox 228 1411 1619 1461">
    <p class='ocr_par' dir='ltr' id='par_1_9' title="bbox 228 1411 1619 1461">
     <span class='ocr_line' id='line_1_21' title="bbox 228 1411 1619 1461; baseline -0.003 -10"><span class='ocrx_word' id='word_1_94' title='bbox 228 1424 321 1461; x_wconf 89' lang='lat' dir='ltr'>quos</span> <span class='ocrx_word' id='word_1_95' title='bbox 350 1413 563 1461; x_wconf 86' lang='lat' dir='ltr'>pascendos</span> <span class='ocrx_word' id='word_1_96' title='bbox 594 1413 808 1460; x_wconf 78' lang='lat' dir='ltr'>suscepisti,</span> <span class='ocrx_word' id='word_1_97' title='bbox 1048 1424 1118 1460; x_wconf 86' lang='lat' dir='ltr'>per</span> <span class='ocrx_word' id='word_1_98' title='bbox 1148 1417 1232 1450; x_wconf 86' lang='lat' dir='ltr'>tuas</span> <span class='ocrx_word' id='word_1_99' title='bbox 1263 1423 1395 1459; x_wconf 85' lang='lat' dir='ltr'>preces</span> <span class='ocrx_word' id='word_1_100' title='bbox 1427 1411 1619 1460; x_wconf 80' lang='lat' dir='ltr'>benignas,</span> 
     </span>
    </p>
   </div>
   <div class='ocr_carea' id='block_1_6' title="bbox 532 1527 1147 1861">
    <p class='ocr_par' dir='ltr' id='par_1_10' title="bbox 532 1527 1147 1861">
     <span class='ocr_line' id='line_1_22' title="bbox 532 1527 850 1574; baseline -0.009 -8"><span class='ocrx_word' id='word_1_101' title='bbox 532 1529 596 1568; x_wconf 87' lang='lat'>12.</span> <span class='ocrx_word' id='word_1_102' title='bbox 645 1528 699 1566; x_wconf 88' lang='lat' dir='ltr'>Ut</span> <span class='ocrx_word' id='word_1_103' title='bbox 730 1527 850 1574; x_wconf 81' lang='lat' dir='ltr'>portis</span> 
     </span>
     <span class='ocr_line' id='line_1_23' title="bbox 641 1582 920 1622; baseline 0 -1"><span class='ocrx_word' id='word_1_104' title='bbox 641 1583 754 1622; x_wconf 89' lang='lat' dir='ltr'>inferi</span> <span class='ocrx_word' id='word_1_105' title='bbox 786 1582 920 1621; x_wconf 82' lang='lat' dir='ltr'>fractis</span> 
     </span>
     <span class='ocr_line' id='line_1_24' title="bbox 644 1640 808 1678; baseline -0.006 0"><span class='ocrx_word' id='word_1_106' title='bbox 644 1645 681 1678; x_wconf 90' lang='lat' dir='ltr'>et</span> <span class='ocrx_word' id='word_1_107' title='bbox 713 1640 808 1678; x_wconf 86' lang='lat' dir='ltr'>caeli</span> 
     </span>
     <span class='ocr_line' id='line_1_25' title="bbox 643 1698 801 1735; baseline 0 0"><span class='ocrx_word' id='word_1_108' title='bbox 643 1698 801 1735; x_wconf 84' lang='lat' dir='ltr'>elevatis</span> 
     </span>
     <span class='ocr_line' id='line_1_26' title="bbox 642 1754 1039 1802; baseline -0.003 -10"><span class='ocrx_word' id='word_1_109' title='bbox 642 1766 734 1802; x_wconf 84' lang='lat' dir='ltr'>grex</span> <span class='ocrx_word' id='word_1_110' title='bbox 763 1755 818 1792; x_wconf 86' lang='lat' dir='ltr'>tui</span> <span class='ocrx_word' id='word_1_111' title='bbox 846 1754 1039 1802; x_wconf 81' lang='lat' dir='ltr'>regiminis</span> 
     </span>
     <span class='ocr_line' id='line_1_27' title="bbox 642 1811 1147 1861; baseline -0.006 -11"><span class='ocrx_word' id='word_1_112' title='bbox 642 1816 823 1861; x_wconf 83' lang='lat' dir='ltr'>pascatur</span> <span class='ocrx_word' id='word_1_113' title='bbox 852 1812 953 1850; x_wconf 84' lang='lat' dir='ltr'>vitae</span> <span class='ocrx_word' id='word_1_114' title='bbox 984 1811 1147 1858; x_wconf 81' lang='lat' dir='ltr'>pascuis.</span> 
     </span>
    </p>
   </div>
   <div class='ocr_carea' id='block_1_7' title="bbox 83 1920 1650 2276">
    <p class='ocr_par' dir='ltr' id='par_1_11' title="bbox 84 1920 1650 2012">
     <span class='ocr_line' id='line_1_28' title="bbox 174 1920 1650 1965; baseline -0.004 -8"><span class='ocrx_word' id='word_1_115' title='bbox 174 1925 278 1957; x_wconf 87' lang='lat' dir='ltr'>Grad.</span> <span class='ocrx_word' id='word_1_116' title='bbox 296 1935 358 1957; x_wconf 90' lang='lat' dir='ltr'>ms.</span> <span class='ocrx_word' id='word_1_117' title='bbox 376 1924 586 1956; x_wconf 87' lang='lat' dir='ltr'>Secoviense</span> <span class='ocrx_word' id='word_1_118' title='bbox 595 1923 635 1965; x_wconf 71' lang='lat' dir='ltr'>(P)</span> <span class='ocrx_word' id='word_1_119' title='bbox 651 1935 740 1956; x_wconf 84' lang='lat' dir='ltr'>saec.</span> <span class='ocrx_word' id='word_1_120' title='bbox 762 1922 813 1956; x_wconf 81' lang='grc'>12.</span> <span class='ocrx_word' id='word_1_121' title='bbox 852 1924 936 1956; x_wconf 85' lang='lat' dir='ltr'>Cod.</span> <span class='ocrx_word' id='word_1_122' title='bbox 954 1924 1197 1956; x_wconf 87' lang='lat' dir='ltr'>Vindobonen.</span> <span class='ocrx_word' id='word_1_123' title='bbox 1219 1921 1258 1954; x_wconf 82' lang='lat'>13</span> <span class='ocrx_word' id='word_1_124' title='bbox 1268 1920 1346 1954; x_wconf 78' lang='lat'>314.</span> <span class='ocrx_word' id='word_1_125' title='bbox 1364 1922 1403 1953; x_wconf 90' lang='lat' dir='ltr'>A.</span> <span class='ocrx_word' id='word_1_126' title='bbox 1423 1939 1465 1943; x_wconf 97' lang='lat'><strong>—</strong></span> <span class='ocrx_word' id='word_1_127' title='bbox 1484 1920 1650 1962; x_wconf 79' lang='lat' dir='ltr'>sequent.</span> 
     </span>
     <span class='ocr_line' id='line_1_29' title="bbox 84 1966 1364 2012; baseline -0.002 -11"><span class='ocrx_word' id='word_1_128' title='bbox 84 1981 146 2002; x_wconf 81' lang='lat' dir='ltr'>ms,</span> <span class='ocrx_word' id='word_1_129' title='bbox 171 1971 401 2012; x_wconf 78' lang='lat' dir='ltr'>Sangallense</span> <span class='ocrx_word' id='word_1_130' title='bbox 426 1971 509 2002; x_wconf 87' lang='lat' dir='ltr'>anni</span> <span class='ocrx_word' id='word_1_131' title='bbox 537 1969 633 2003; x_wconf 84' lang='lat'>1516.</span> <span class='ocrx_word' id='word_1_132' title='bbox 683 1969 767 2002; x_wconf 85' lang='lat' dir='ltr'>Cod.</span> <span class='ocrx_word' id='word_1_133' title='bbox 794 1970 994 2011; x_wconf 60' lang='lat' dir='ltr'>Sangallen-</span> <span class='ocrx_word' id='word_1_134' title='bbox 1019 1968 1198 2009; x_wconf 82' lang='lat' dir='ltr'>(Brander)</span> <span class='ocrx_word' id='word_1_135' title='bbox 1223 1966 1299 2000; x_wconf 79' lang='lat'>546.</span> <span class='ocrx_word' id='word_1_136' title='bbox 1325 1969 1364 1999; x_wconf 84' lang='lat' dir='ltr'>B.</span> 
     </span>
    </p>

    <p class='ocr_par' dir='ltr' id='par_1_12' title="bbox 83 2010 1648 2276">
     <span class='ocr_line' id='line_1_30' title="bbox 174 2010 1648 2056; baseline -0.004 -8"><span class='ocrx_word' id='word_1_137' title='bbox 174 2015 236 2054; x_wconf 75' lang='lat'>53,</span> <span class='ocrx_word' id='word_1_138' title='bbox 266 2014 281 2047; x_wconf 93' lang='grc'>1</span> <span class='ocrx_word' id='word_1_139' title='bbox 308 2017 446 2048; x_wconf 81' lang='lat' dir='ltr'>Fortior</span> <span class='ocrx_word' id='word_1_140' title='bbox 470 2019 523 2048; x_wconf 81' lang='lat' dir='ltr'>est</span> <span class='ocrx_word' id='word_1_141' title='bbox 546 2016 668 2047; x_wconf 87' lang='lat' dir='ltr'>inferis</span> <span class='ocrx_word' id='word_1_142' title='bbox 694 2017 734 2047; x_wconf 85' lang='grc' dir='ltr'><strong>Β.</strong></span> <span class='ocrx_word' id='word_1_143' title='bbox 761 2033 803 2036; x_wconf 89' lang='lat'>——</span> <span class='ocrx_word' id='word_1_144' title='bbox 831 2014 892 2052; x_wconf 71' lang='lat'>53,</span> <span class='ocrx_word' id='word_1_145' title='bbox 919 2013 939 2046; x_wconf 84' lang='grc'>2</span> <span class='ocrx_word' id='word_1_146' title='bbox 965 2018 1017 2046; x_wconf 81' lang='lat' dir='ltr'>est</span> <span class='ocrx_word' id='word_1_147' title='bbox 1042 2016 1151 2056; x_wconf 86' lang='lat' dir='ltr'>portis</span> <span class='ocrx_word' id='word_1_148' title='bbox 1179 2014 1266 2045; x_wconf 75' lang='lat' dir='ltr'>fehlt</span> <span class='ocrx_word' id='word_1_149' title='bbox 1282 2015 1321 2045; x_wconf 87' lang='lat' dir='ltr'>B.</span> <span class='ocrx_word' id='word_1_150' title='bbox 1340 2031 1383 2034; x_wconf 91' lang='lat'>—</span> <span class='ocrx_word' id='word_1_151' title='bbox 1401 2010 1462 2049; x_wconf 72' lang='lat' dir='ltr'>Ga,</span> <span class='ocrx_word' id='word_1_152' title='bbox 1490 2011 1508 2043; x_wconf 76' lang='grc'>7</span> <span class='ocrx_word' id='word_1_153' title='bbox 1533 2011 1648 2043; x_wconf 77' lang='lat' dir='ltr'>firmat</span> 
     </span>
     <span class='ocr_line' id='line_1_31' title="bbox 83 2057 1648 2103; baseline -0.004 -9"><span class='ocrx_word' id='word_1_154' title='bbox 83 2062 123 2093; x_wconf 91' lang='lat' dir='ltr'>B.</span> <span class='ocrx_word' id='word_1_155' title='bbox 149 2080 191 2083; x_wconf 93' lang='lat'>—</span> <span class='ocrx_word' id='word_1_156' title='bbox 216 2060 285 2103; x_wconf 86' lang='lat' dir='ltr'>6b‚</span> <span class='ocrx_word' id='word_1_157' title='bbox 316 2059 338 2093; x_wconf 89' lang='lat'>8</span> <span class='ocrx_word' id='word_1_158' title='bbox 369 2072 542 2093; x_wconf 81' lang='lat' dir='ltr'>carcerem</span> <span class='ocrx_word' id='word_1_159' title='bbox 567 2063 606 2093; x_wconf 88' lang='lat' dir='ltr'>B.</span> <span class='ocrx_word' id='word_1_160' title='bbox 633 2079 676 2083; x_wconf 97' lang='lat'>—</span> <span class='ocrx_word' id='word_1_161' title='bbox 701 2059 771 2099; x_wconf 83' lang='lat' dir='ltr'>7b,</span> <span class='ocrx_word' id='word_1_162' title='bbox 805 2059 826 2092; x_wconf 83' lang='lat'>2</span> <span class='ocrx_word' id='word_1_163' title='bbox 858 2064 1052 2102; x_wconf 78' lang='lat' dir='ltr'>prostratus</span> <span class='ocrx_word' id='word_1_164' title='bbox 1080 2061 1116 2091; x_wconf 85' lang='lat' dir='ltr'>B.</span> <span class='ocrx_word' id='word_1_165' title='bbox 1140 2079 1186 2082; x_wconf 85' lang='lat'>——</span> <span class='ocrx_word' id='word_1_166' title='bbox 1210 2058 1278 2096; x_wconf 79' lang='lat' dir='ltr'>Sb,</span> <span class='ocrx_word' id='word_1_167' title='bbox 1316 2057 1330 2090; x_wconf 91' lang='grc'>1</span> <span class='ocrx_word' id='word_1_168' title='bbox 1365 2058 1514 2090; x_wconf 78' lang='lat' dir='ltr'>videndo</span> <span class='ocrx_word' id='word_1_169' title='bbox 1540 2059 1579 2088; x_wconf 80' lang='lat' dir='ltr'>B.</span> <span class='ocrx_word' id='word_1_170' title='bbox 1607 2074 1648 2078; x_wconf 84' lang='lat'>—</span> 
     </span>
     <span class='ocr_line' id='line_1_32' title="bbox 83 2102 1648 2149; baseline -0.003 -11"><span class='ocrx_word' id='word_1_171' title='bbox 83 2105 146 2145; x_wconf 88' lang='grc'><strong>91),</strong></span> <span class='ocrx_word' id='word_1_172' title='bbox 171 2105 193 2139; x_wconf 84' lang='grc'><strong>3</strong></span> <span class='ocrx_word' id='word_1_173' title='bbox 218 2108 340 2140; x_wconf 87' lang='lat' dir='ltr'>Simon</span> <span class='ocrx_word' id='word_1_174' title='bbox 364 2109 476 2149; x_wconf 89' lang='lat' dir='ltr'>magis</span> <span class='ocrx_word' id='word_1_175' title='bbox 502 2108 540 2139; x_wconf 89' lang='lat' dir='ltr'>B.</span> <span class='ocrx_word' id='word_1_176' title='bbox 565 2124 610 2129; x_wconf 92' lang='lat'>—</span> <span class='ocrx_word' id='word_1_177' title='bbox 637 2105 719 2145; x_wconf 82' lang='lat' dir='ltr'>loa,</span> <span class='ocrx_word' id='word_1_178' title='bbox 746 2105 763 2138; x_wconf 95' lang='grc'>1</span> <span class='ocrx_word' id='word_1_179' title='bbox 790 2107 843 2139; x_wconf 83' lang='grc' dir='ltr'><strong>Τι).</strong></span> <span class='ocrx_word' id='word_1_180' title='bbox 868 2110 988 2148; x_wconf 82' lang='lat' dir='ltr'>pastor</span> <span class='ocrx_word' id='word_1_181' title='bbox 1012 2107 1050 2137; x_wconf 91' lang='lat' dir='ltr'>B.</span> <span class='ocrx_word' id='word_1_182' title='bbox 1075 2123 1121 2126; x_wconf 85' lang='lat'>—</span> <span class='ocrx_word' id='word_1_183' title='bbox 1146 2104 1216 2137; x_wconf 88' lang='grc'><strong>111)</strong></span> <span class='ocrx_word' id='word_1_184' title='bbox 1242 2105 1328 2136; x_wconf 80' lang='lat' dir='ltr'>fehlt</span> <span class='ocrx_word' id='word_1_185' title='bbox 1354 2105 1391 2135; x_wconf 85' lang='grc' dir='ltr'><strong>Β.</strong></span> <span class='ocrx_word' id='word_1_186' title='bbox 1416 2102 1528 2147; x_wconf 51' lang='lat'>÷1·2‚</span> <span class='ocrx_word' id='word_1_187' title='bbox 1559 2102 1574 2134; x_wconf 92' lang='grc'>1</span> <span class='ocrx_word' id='word_1_188' title='bbox 1602 2103 1648 2133; x_wconf 84' lang='lat' dir='ltr'>Et</span> 
     </span>
     <span class='ocr_line' id='line_1_33' title="bbox 83 2145 1647 2194; baseline -0.004 -10"><span class='ocrx_word' id='word_1_189' title='bbox 83 2154 194 2194; x_wconf 85' lang='lat' dir='ltr'>portis</span> <span class='ocrx_word' id='word_1_190' title='bbox 219 2154 257 2184; x_wconf 91' lang='lat' dir='ltr'>B.</span> <span class='ocrx_word' id='word_1_191' title='bbox 284 2170 326 2175; x_wconf 88' lang='lat'>--</span> <span class='ocrx_word' id='word_1_192' title='bbox 356 2151 406 2191; x_wconf 84' lang='lat'>12,</span> <span class='ocrx_word' id='word_1_193' title='bbox 431 2152 452 2184; x_wconf 89' lang='grc'><strong>2</strong></span> <span class='ocrx_word' id='word_1_194' title='bbox 477 2153 563 2185; x_wconf 83' lang='lat' dir='ltr'>iiber</span> <span class='ocrx_word' id='word_1_195' title='bbox 587 2150 735 2194; x_wconf 72' lang='lat' dir='ltr'>fractis:</span> <span class='ocrx_word' id='word_1_196' title='bbox 769 2152 897 2184; x_wconf 82' lang='lat' dir='ltr'>ablatis</span> <span class='ocrx_word' id='word_1_197' title='bbox 923 2153 962 2183; x_wconf 88' lang='lat' dir='ltr'>A.</span> <span class='ocrx_word' id='word_1_198' title='bbox 989 2169 1032 2173; x_wconf 97' lang='lat'><strong>—</strong></span> <span class='ocrx_word' id='word_1_199' title='bbox 1056 2151 1142 2182; x_wconf 80' lang='lat' dir='ltr'>Mel:</span> <span class='ocrx_word' id='word_1_200' title='bbox 1176 2148 1281 2182; x_wconf 61' lang='lat' dir='ltr'>Laus</span> <span class='ocrx_word' id='word_1_201' title='bbox 1307 2147 1384 2187; x_wconf 73' lang='lat' dir='ltr'>tibi,</span> <span class='ocrx_word' id='word_1_202' title='bbox 1410 2147 1556 2183; x_wconf 57' lang='lat' dir='ltr'>Christe,</span> <span class='ocrx_word' id='word_1_203' title='bbox 1583 2145 1647 2188; x_wconf 69' lang='lat' dir='ltr'>qui</span> 
     </span>
     <span class='ocr_line' id='line_1_34' title="bbox 83 2194 1647 2240; baseline -0.003 -11"><span class='ocrx_word' id='word_1_204' title='bbox 83 2205 118 2229; x_wconf 85' lang='lat' dir='ltr'>es</span> <span class='ocrx_word' id='word_1_205' title='bbox 142 2199 279 2231; x_wconf 78' lang='lat' dir='ltr'>creator</span> <span class='ocrx_word' id='word_1_206' title='bbox 302 2195 386 2230; x_wconf 78' lang='lat' dir='ltr'>oder</span> <span class='ocrx_word' id='word_1_207' title='bbox 410 2195 568 2230; x_wconf 78' lang='lat' dir='ltr'>Psallz&#39;te.</span> <span class='ocrx_word' id='word_1_208' title='bbox 597 2215 636 2219; x_wconf 91' lang='lat'>—</span> <span class='ocrx_word' id='word_1_209' title='bbox 666 2197 875 2240; x_wconf 86' lang='lat' dir='ltr'>„Cuiusdam</span> <span class='ocrx_word' id='word_1_210' title='bbox 908 2200 1105 2228; x_wconf 83' lang='lat' dir='ltr'>nostrorum</span> <span class='ocrx_word' id='word_1_211' title='bbox 1137 2198 1358 2238; x_wconf 82' lang='lat' dir='ltr'>antiquorum</span> <span class='ocrx_word' id='word_1_212' title='bbox 1391 2198 1527 2237; x_wconf 85' lang='lat' dir='ltr'>patrum</span> <span class='ocrx_word' id='word_1_213' title='bbox 1553 2194 1647 2225; x_wconf 84' lang='lat' dir='ltr'>tituli</span> 
     </span>
     <span class='ocr_line' id='line_1_35' title="bbox 83 2239 1340 2276; baseline -0.002 -2"><span class='ocrx_word' id='word_1_214' title='bbox 83 2241 283 2276; x_wconf 75' lang='lat' dir='ltr'>Iueunda.“</span> <span class='ocrx_word' id='word_1_215' title='bbox 311 2245 352 2276; x_wconf 89' lang='grc' dir='ltr'>Β.</span> <span class='ocrx_word' id='word_1_216' title='bbox 375 2262 420 2265; x_wconf 88' lang='grc'>-</span> <span class='ocrx_word' id='word_1_217' title='bbox 445 2245 512 2275; x_wconf 89' lang='lat' dir='ltr'>Die</span> <span class='ocrx_word' id='word_1_218' title='bbox 537 2244 709 2275; x_wconf 85' lang='lat' dir='ltr'>Lesarten</span> <span class='ocrx_word' id='word_1_219' title='bbox 733 2254 802 2274; x_wconf 89' lang='lat' dir='ltr'>von</span> <span class='ocrx_word' id='word_1_220' title='bbox 827 2244 855 2275; x_wconf 91' lang='lat' dir='ltr'>B</span> <span class='ocrx_word' id='word_1_221' title='bbox 882 2242 971 2274; x_wconf 88' lang='lat' dir='ltr'>nach</span> <span class='ocrx_word' id='word_1_222' title='bbox 997 2242 1152 2274; x_wconf 86' lang='lat' dir='ltr'>Kehrein</span> <span class='ocrx_word' id='word_1_223' title='bbox 1177 2242 1237 2273; x_wconf 85' lang='lat' dir='ltr'>Nr.</span> <span class='ocrx_word' id='word_1_224' title='bbox 1263 2239 1340 2273; x_wconf 79' lang='lat'>383.</span> 
     </span>
    </p>
   </div>
   <div class='ocr_carea' id='block_1_8' title="bbox 277 2432 1450 2477">
    <p class='ocr_par' dir='ltr' id='par_1_13' title="bbox 277 2432 1450 2477">
     <span class='ocr_line' id='line_1_36' title="bbox 277 2432 1450 2477; baseline 0 -8"><span class='ocrx_word' id='word_1_225' title='bbox 277 2433 360 2470; x_wconf 75' lang='lat'>284.</span> <span class='ocrx_word' id='word_1_226' title='bbox 395 2434 475 2476; x_wconf 84' lang='lat'>(21.)</span> <span class='ocrx_word' id='word_1_227' title='bbox 510 2434 568 2469; x_wconf 87' lang='lat' dir='ltr'>De</span> <span class='ocrx_word' id='word_1_228' title='bbox 594 2443 648 2469; x_wconf 87' lang='lat' dir='ltr'>ss.</span> <span class='ocrx_word' id='word_1_229' title='bbox 675 2434 853 2469; x_wconf 80' lang='lat' dir='ltr'>Iohanne</span> <span class='ocrx_word' id='word_1_230' title='bbox 878 2434 1002 2477; x_wconf 82' lang='lat' dir='ltr'>Bapt.</span> <span class='ocrx_word' id='word_1_231' title='bbox 1029 2433 1069 2468; x_wconf 88' lang='lat' dir='ltr'>et</span> <span class='ocrx_word' id='word_1_232' title='bbox 1095 2432 1274 2468; x_wconf 84' lang='lat' dir='ltr'>Iohanne</span> <span class='ocrx_word' id='word_1_233' title='bbox 1299 2433 1450 2476; x_wconf 80' lang='lat' dir='ltr'>Evang.</span> 
     </span>
    </p>
   </div>
   <div class='ocr_carea' id='block_1_9' title="bbox 630 2551 1026 2816">
    <p class='ocr_par' dir='ltr' id='par_1_14' title="bbox 630 2551 1026 2816">
     <span class='ocr_line' id='line_1_37' title="bbox 630 2551 986 2600; baseline -0.008 -9"><span class='ocrx_word' id='word_1_234' title='bbox 630 2553 666 2591; x_wconf 89' lang='lat'>1.</span> <span class='ocrx_word' id='word_1_235' title='bbox 712 2551 867 2600; x_wconf 89' lang='lat' dir='ltr'>Audite,</span> <span class='ocrx_word' id='word_1_236' title='bbox 902 2551 986 2600; x_wconf 85' lang='lat' dir='ltr'>cali,</span> 
     </span>
     <span class='ocr_line' id='line_1_38' title="bbox 711 2608 972 2657; baseline -0.004 -12"><span class='ocrx_word' id='word_1_237' title='bbox 711 2608 811 2657; x_wconf 45' lang='lat' dir='ltr'>audis,</span> <span class='ocrx_word' id='word_1_238' title='bbox 846 2608 972 2655; x_wconf 87' lang='lat' dir='ltr'>tellus,</span> 
     </span>
     <span class='ocr_line' id='line_1_39' title="bbox 711 2664 988 2711; baseline 0 -9"><span class='ocrx_word' id='word_1_239' title='bbox 711 2665 843 2702; x_wconf 84' lang='lat' dir='ltr'>auditu</span> <span class='ocrx_word' id='word_1_240' title='bbox 875 2664 988 2711; x_wconf 79' lang='lat' dir='ltr'>digna</span> 
     </span>
     <span class='ocr_line' id='line_1_40' title="bbox 709 2721 926 2759; baseline 0 -1"><span class='ocrx_word' id='word_1_241' title='bbox 709 2721 926 2759; x_wconf 84' lang='lat' dir='ltr'>testimonia</span> 
     </span>
     <span class='ocr_line' id='line_1_41' title="bbox 713 2778 1026 2816; baseline 0.003 -1"><span class='ocrx_word' id='word_1_242' title='bbox 713 2778 894 2815; x_wconf 85' lang='lat' dir='ltr'>divinitus</span> <span class='ocrx_word' id='word_1_243' title='bbox 926 2778 1026 2816; x_wconf 83' lang='lat' dir='ltr'>data.</span> 
     </span>
    </p>
   </div>
  </div>
 </body>
</html>
