1785 3111
745 109 796 116 —
859 86 939 127 110
998 107 1052 114 —

164 203 201 239 5.
233 202 348 246 Quem
380 201 539 239 vinculis
571 204 607 237 et
638 210 792 237 carcere

231 257 356 294 Ferox
388 262 570 305 tyrannus
602 257 765 302 abdidit,

232 314 307 351 Sed
337 315 441 351 nulla
471 314 628 351 laedunt
659 313 820 360 vincula,

230 371 346 417 Quem
379 371 477 407 dona
500 370 625 407 cordis
648 370 859 409 sublevant.
905 368 908 370 ’

948 200 1013 239 11.
1045 201 1153 249 Iusti,
1185 201 1395 247 prophetae
1426 204 1463 237 et
1488 205 1677 248 martyres

1045 259 1095 295 Et
1116 258 1255 305 quique
1272 258 1464 296 Christum
1486 269 1508 294 a
1525 258 1679 295 saeculo

1047 315 1157 351 Puris
1189 314 1367 351 amabant
1398 314 1589 360 cordibus,

1047 371 1124 409 Piis
1157 371 1330 408 colebant
1361 370 1523 420 actibus,

159 485 194 522 6.
230 483 371 520 Christi
403 483 505 520 videt
537 483 600 530 qui
630 483 800 530 gloriam,
946 484 1010 523 12.
1043 484 1178 522 Cuncti
1210 483 1388 521 Iohannis
1422 483 1595 521 dulcibus

227 540 295 586 Qui
328 540 484 586 spiritus
517 540 758 585 charismata,
1042 541 1151 577 Laeti
1183 540 1277 577 fiunt
1308 540 1483 577 affatibus

229 597 313 633 Non
343 597 442 633 hunc
473 596 652 634 tenebrae
675 596 854 641 carceris,
1041 596 1308 643 Christumque
1343 602 1504 643 poscunt
1536 598 1643 634 ocius

228 653 312 690 Non
343 663 464 699 poena
495 658 614 690 terret
646 653 830 699 corporis.
1041 654 1134 690 Suos
1167 654 1296 691 venire
1327 653 1376 690 ad
1412 654 1595 691 servulos.

166 783 196 804 a.
230 766 352 812 Caput
382 766 505 803 libens
537 767 814 804 sanctissimum
945 767 1009 807 13.
1043 768 1275 804 Praecursor
1310 766 1422 814 alme,
1458 766 1588 813 dicito,

228 823 308 860 Iam
340 823 605 860 dissecandum
636 823 823 870 praebuit,
1043 823 1214 869 Quando,
1250 827 1374 870 putas,
1407 823 1585 860 adveniet

226 879 306 915 Nec
335 880 507 925 perdidit
537 881 620 927 pius
651 885 776 928 caput,
1042 880 1241 917 Adventus
1268 880 1347 927 ille,
1370 880 1433 926 qui
1455 890 1576 927 prope
1599 882 1682 917 est?

229 937 368 973 Verum
390 941 504 984 caput
521 938 579 974 cui
598 937 770 974 Christus
787 940 855 974 est.
1042 937 1255 983 Descende,
1293 938 1393 986 Iesu,
1427 940 1464 973 et
1497 937 1613 983 eripe.

157 1050 179 1086 m

227 1049 406 1086 Exsultat
435 1050 523 1087 almi
555 1050 712 1096 spiritus
943 1051 1005 1089 14.
1039 1050 1209 1086 Tandem
1241 1050 1465 1097 redemptor
1497 1050 1625 1096 paruit

226 1106 430 1143 Praeconis
460 1110 565 1144 artus
597 1107 780 1155 linquere,
1040 1107 1425 1154 Omnesqueinunum
1441 1117 1679 1154 congregans

228 1163 509 1201 Praecursionis
541 1167 582 1200 ut
613 1174 743 1201 sacrae
1040 1163 1143 1199 Tulit
1174 1164 1257 1210 pios
1289 1163 1336 1200 ab
1367 1162 1501 1200 inferis

228 1219 290 1256 Sic
321 1224 454 1266 coepta
486 1220 584 1257 dona
616 1221 815 1267 compleat.
1043 1220 1198 1267 Polique
1229 1221 1354 1267 regnis
1384 1220 1539 1258 indidit.

154 1334 190 1369 9.
226 1332 320 1369 Nam
344 1344 452 1379 quem
470 1344 624 1377 manens
641 1334 679 1370 in
696 1343 855 1380 corpore
942 1333 1006 1371 15.
1041 1333 1103 1370 Sic
1134 1333 1377 1382 praedicator
1408 1333 1571 1379 optimus

226 1389 454 1426 Ostenderat
486 1390 711 1436 viventibus,
1039 1390 1274 1437 Magnusque
1288 1386 1478 1427 Christum
1489 1390 1669 1436 praevius

227 1446 337 1482 Hunc
368 1447 523 1483 mortuis
554 1447 626 1483 iam
658 1451 827 1484 mortuus
1040 1448 1243 1493 Postquam
1274 1447 1431 1484 retentis
1461 1456 1633 1494 corpore,

226 1502 417 1539 Christum
450 1503 578 1540 venire
609 1504 819 1550 praedicat.
1041 1505 1244 1550 Postquam
1278 1503 1437 1541 canebat
1469 1503 1638 1548 mortuis,

960 1628 1025 1666 16.
1058 1628 1228 1665 Ducente
1259 1628 1411 1666 Christo
1441 1628 1480 1664 in
1511 1628 1669 1665 aethera

1056 1686 1193 1723 Omnes
1224 1684 1393 1722 fidelium
1426 1685 1560 1722 choros

133 1627 196 1666 10.
230 1627 337 1664 Novo
368 1632 587 1674 stupescunt
619 1626 731 1665 inferi

229 1684 448 1731 Ereptionis
480 1685 625 1733 nuntio,

231 1741 407 1778 Gaudent
439 1742 544 1778 chori
574 1741 745 1778 fidelium

232 1798 318 1836 Una
348 1802 498 1844 patrum
531 1809 614 1835 cum
641 1798 831 1844 plebibuS.

1055 1741 1145 1779 Cum
1179 1741 1315 1778 ceteris
1346 1742 1529 1788 perennia

1053 1799 1214 1835 Intravit
1246 1799 1328 1845 ipse
1358 1798 1397 1835 in
1427 1798 1578 1846 gaudia.

209 1933 403 1965 Cassander
428 1933 448 1964 l.
476 1944 503 1964 c.
526 1944 558 1974 p.
575 1931 642 1964 290
659 1943 733 1975 sqq.
752 1950 795 1956 —
816 1931 866 1971 13,
884 1930 904 1964 2
923 1933 1114 1964 adveniunt
1130 1944 1136 1972 ς
1163 1943 1218 1964 am
1241 1932 1377 1964 Raude:
1404 1933 1493 1964 forte
1511 1932 1685 1964 adveniet.

120 1994 163 1999 —
190 1981 256 2009 Str.
286 1977 301 2009 1
337 1978 405 2009 und
432 1977 450 2009 7
486 1978 575 2009 auch
609 1980 643 2009 in
669 1979 812 2010 Collect.
846 1989 908 2010 ms.
933 1979 1192 2020 Bambergense
1221 1988 1309 2010 saec.
1336 1976 1422 2010 ¹⁰s11.
1474 1978 1557 2011 Cod.
1582 1979 1684 2009 Bam·

121 2023 258 2065 bergen.
285 2025 312 2055 B
337 2024 371 2054 ΙΙ
400 2021 439 2055 10
462 2021 512 2061 (in
537 2024 687 2055 Alkuins
713 2024 862 2056 Traktat
889 2025 961 2065 „De
987 2024 1088 2056 laude
1114 2022 1227 2064 Dei“).

408 2226 467 2261 SS.
503 2226 584 2267 (10.)
620 2227 665 2260 In
692 2225 828 2261 Natali
855 2227 1020 2264 sanctae
1045 2227 1120 2262 Dei
1146 2225 1388 2263 Genetricis.

170 2342 205 2379 1.
237 2342 396 2386 Adesto,
431 2342 590 2393 Christe,
627 2343 793 2391 vocibus,
985 2345 1023 2382 3.
1055 2343 1106 2380 Et
1135 2347 1189 2391 tu,
1221 2342 1332 2379 beata
1362 2352 1454 2388 prae
1484 2341 1655 2379 omnibus

241 2399 367 2435 Inesto
398 2399 536 2435 nostris
568 2400 769 2448 mentibus,

242 2455 323 2491 Tua
355 2455 537 2502 benignus
570 2456 727 2493 dextera

239 2511 382 2548 Choros
417 2516 613 2549 canentum
645 2517 813 2560 protege.

173 2638 210 2674 2.
241 2636 311 2682 Qui
342 2640 452 2673 natus
484 2647 523 2672 es
556 2637 602 2673 de
634 2637 778 2683 virgine

242 2692 405 2729 Nostrae
435 2692 568 2729 salutis
600 2694 733 2743 gratia,

242 2749 301 2785 Da
332 2760 427 2795 pura
457 2749 565 2786 nobis
596 2754 765 2797 pectora,

242 2805 301 2842 Da
331 2805 500 2842 membra
533 2810 637 2843 casta
668 2806 849 2852 corporis.

1056 2400 1169 2447 Virgo
1200 2399 1326 2437 Maria
1356 2398 1520 2447 feminis,

1056 2457 1127 2493 Dei
1158 2455 1329 2503 genetrix
1360 2455 1504 2500 inclita,

1056 2513 1209 2550 Nostris
1241 2510 1367 2549 faveto
1398 2511 1587 2550 laudibus.

1015 2669 1022 2677 .
1056 2636 1201 2675 Pudica
1232 2636 1336 2673 cuius
1368 2635 1525 2685 viscera,

1056 2693 1193 2731 Sancto
1227 2693 1353 2729 dicata
1385 2692 1534 2738 spiritu,

1052 2749 1213 2787 Davidis
1245 2753 1367 2785 ortum
1399 2749 1539 2785 semine

1055 2806 1194 2853 Regem
1227 2803 1400 2842 ferebant
1430 2805 1581 2843 saeculi.
