1785 3111
761 91 1071 132 —615—

137 202 281 235 Utinam
314 203 483 235 solacium
507 205 548 236 L.
573 221 618 225 —
643 201 699 243 85,
725 202 746 236 8
772 207 825 236 est
848 205 935 237 fehlt
960 205 1007 245 G,
1034 205 1114 237 huic
1140 215 1231 236 nunc
1256 204 1424 236 adhaeres
1449 201 1503 244 M,
1534 205 1615 245 iuge
1640 203 1705 236 hoe

133 247 289 281 haberes.
313 266 358 270 —
381 249 480 281 Nach
506 249 573 282 Str.
598 247 642 281 85
669 250 804 282 schiebt
828 247 859 282 L
885 250 1052 293 folgende
1079 250 1252 292 Strophen
1278 251 1352 282 ein:

224 327 293 360 Sed
316 327 403 360 hora
428 328 574 360 dimidia

267 374 327 404 vix
352 373 410 405 hic
434 376 505 405 tam
530 374 684 414 laetaris,

223 420 312 457 Cito,
338 419 417 457 heu,
447 419 637 461 impelleris

267 464 431 496 fluctibus
456 466 596 504 amaris,

224 509 390 541 Seiuncta
415 510 458 542 ab
485 510 596 542 oculis

267 555 398 586 viatori
423 556 524 593 caris,

220 600 364 639 Mundo,
390 610 504 638 carne,
530 601 699 633 daemone

266 656 347 677 nam
372 656 475 688 saepe
501 647 665 678 turbaris.

221 726 339 757 Vitam
364 726 503 758 tandem
530 730 701 759 mortuam

267 771 348 803 inde
373 771 600 810 condolendo,

220 816 288 848 Pro
314 818 383 849 tuis
408 817 601 849 defectibus

267 862 333 894 hoc
358 873 434 895 esse
458 863 640 901 credendo,

220 908 309 940 Vide
335 911 480 940 matrem
505 909 678 951 virginem

266 957 381 986 astare
405 954 566 995 lugendo,

220 998 289 1030 Sed
314 1004 348 1031 et
371 999 498 1031 multos
525 999 614 1037 alios

269 1045 458 1076 Dominum
484 1044 653 1076 deflendo.

219 1124 304 1155 Post
327 1123 394 1155 hoc
417 1123 546 1165 Ioseph
572 1123 735 1165 conspice

267 1170 318 1201 ire
343 1168 386 1200 ad
411 1167 576 1207 Pilatum,

221 1215 366 1246 Domini
391 1214 578 1256 deposcere

265 1270 391 1302 corpus
417 1260 485 1291 sibi
508 1263 656 1301 gratum,

220 1305 273 1337 Ad
299 1316 434 1337 crucem
459 1305 624 1337 accedere

264 1352 379 1382 virum
403 1354 475 1382 tam
500 1351 640 1383 beatum

220 1396 268 1428 Et
291 1407 416 1438 corpus
441 1397 615 1436 deponere

264 1445 376 1474 totum
400 1442 633 1474 vulneratum.

1043 330 1177 361 Parans
1202 340 1362 367 murram7
1390 328 1571 361 sindonem

1089 375 1229 417 Lugens
1255 374 1492 416 contemplare

1044 420 1275 462 Magdalenae
1300 421 1463 452 lacrimas

1089 466 1136 497 Et
1161 466 1413 504 collacrimare,

1046 510 1225 542 Nicodemi
1250 513 1399 553 gemitus

1090 566 1231 597 gemens
1257 557 1450 595 recordare,

1046 602 1143 633 Haec
1170 606 1202 633 et
1227 602 1281 633 his
1308 602 1439 633 similia

1090 650 1244 679 tractans
1270 648 1473 679 lamentare.

1044 727 1259 768 Dulcemque
1285 727 1353 758 Dei
1379 726 1486 758 filium

1089 773 1237 814 supplex
1262 782 1467 810 memorare,

1047 818 1134 849 Eius
1163 821 1261 849 actus
1286 819 1466 849 ruminans

1090 866 1250 904 tuosque,
1276 873 1417 894 narrare

1043 909 1161 947 Actus,
1188 908 1294 940 verba
1319 912 1438 950 satage

1088 957 1271 995 menteque
1296 953 1464 985 mundare

1045 999 1159 1040 Atque
1188 999 1254 1030 soli
1281 1000 1378 1030 ocius

1092 1048 1225 1076 eastum
1250 1048 1283 1076 te
1309 1054 1460 1076 servare.

1043 1125 1083 1155 In
1109 1123 1286 1165 praedicto
1313 1125 1449 1155 cantico

1088 1179 1147 1200 cor
1171 1171 1222 1200 sic
1247 1169 1440 1203 citharizet.

1043 1214 1086 1246 Se
1112 1215 1267 1256 baptizet
1291 1215 1456 1253 lacrimis,

1088 1260 1231 1301 planctu
1257 1261 1458 1301 martyrizet

1042 1306 1252 1347 Crebrisque
1278 1307 1439 1347 suspiriis

1088 1361 1180 1382 nunc
1205 1352 1256 1382 sic
1281 1353 1472 1393 organizet,

1043 1397 1092 1428 Ut
1116 1407 1194 1428 cum
1221 1396 1359 1428 Christo
1386 1401 1507 1438 postea

1089 1453 1225 1483 semper
1251 1442 1480 1474 sollemnizet.

128 1519 189 1559 86,
223 1519 244 1553 3
275 1521 400 1553 vellem
433 1521 548 1553 dicere
578 1523 619 1553 L.
652 1539 696 1543 —
729 1518 792 1560 86,
826 1519 848 1553 4
880 1532 984 1564 quam
1020 1522 1066 1552 sit
1098 1523 1273 1564 gratiosus
1308 1522 1348 1553 A.
1384 1537 1427 1542 -—·
1460 1520 1520 1561 86,
1548 1521 1567 1555 6
1599 1532 1704 1565 quam

129 1567 317 1599 deliciosus
351 1567 398 1607 A,
431 1577 499 1609 que
529 1567 616 1599 fehlt
642 1567 692 1607 E,
727 1577 900 1609 quamque
925 1569 1100 1609 gratiosus
1127 1568 1154 1599 I.
1182 1585 1224 1589 —
1249 1565 1304 1607 86,
1331 1565 1351 1599 8
1377 1567 1486 1600 fallax
1510 1566 1566 1600 vel
1593 1569 1642 1610 D;
1670 1572 1703 1600 et

133 1616 300 1645 ventosus
326 1613 372 1645 H.
395 1629 440 1634 —
474 1610 531 1654 87,
563 1611 579 1644 1
603 1613 657 1645 bis
682 1612 702 1644 5
730 1613 849 1645 lauten
874 1614 910 1644 in
936 1613 1083 1645 EFGH:

493 1681 562 1714 Sed
587 1685 635 1720 tu,
661 1682 717 1713 cui
742 1681 850 1720 volui,
877 1685 1022 1713 metrum
1048 1681 1234 1719 destinare,

497 1726 649 1766 Soror,
683 1737 813 1758 novam
837 1730 1025 1768 martyrem
1049 1727 1163 1759 libens
1188 1727 1337 1765 imitare,

129 1793 184 1834 87,
214 1794 229 1827 1
255 1795 350 1837 Ergo
376 1796 547 1838 quidquid
571 1796 633 1827 alii
658 1796 699 1828 L.
727 1814 766 1819 —
797 1793 850 1834 87,
877 1793 897 1827 2
922 1796 1040 1827 dicant
1063 1795 1258 1827 ABDILM.
1284 1812 1329 1816 —
1352 1793 1405 1834 87,
1432 1794 1452 1827 5
1479 1795 1635 1837 Cumque
1657 1797 1703 1835 B,

131 1841 213 1873 talis
245 1841 332 1873 fehlt
364 1843 414 1881 D,
444 1841 559 1883 Atque
595 1842 742 1883 supplex
776 1842 964 1874 Dominum
998 1842 1037 1873 L.
1072 1858 1116 1863 —
1147 1839 1202 1879 87,
1237 1840 1256 1873 6
1289 1841 1402 1873 Deum
1436 1841 1622 1883 deprecare
1656 1841 1704 1882 A3

131 1897 265 1918 mecum
289 1886 474 1928 deprecare
501 1889 540 1919 L.
566 1904 610 1909 —-
634 1885 688 1925 87,
715 1886 735 1919 7
760 1889 807 1920 Ut
832 1898 886 1919 me
910 1887 1035 1926 GHM;
1062 1888 1111 1920 Ut
1134 1889 1168 1918 te
1195 1887 1240 1926 F,
1267 1890 1406 1918 cantum
1432 1888 1484 1925 H,·
1511 1890 1704 1928 martyrum

131 1933 186 1972 M,
212 1933 262 1965 Ut
287 1943 351 1964 nos
377 1943 492 1964 secum
519 1933 647 1974 iugiter
671 1933 711 1964 L.
737 1950 782 1954 —
806 1930 860 1971 87,
886 1930 906 1964 8
932 1933 1016 1964 facit
1040 1942 1185 1974 regnare
1211 1933 1251 1964 L.

221 1979 289 2010 Mit
307 1978 374 2011 Str.
392 1976 436 2010 87
454 1978 641 2010 schliessen
658 1979 714 2010 die
732 1978 934 2020 englischen
952 1979 1034 2009 Hss.
1053 1979 1117 2009 mit
1133 1978 1333 2009 Ausnahme
1350 1988 1420 2009 von
1434 1977 1479 2017 E3
1498 1978 1627 2009 ebenso
1643 1978 1702 2009 IL.

132 2041 175 2045 —
189 2024 324 2055 FGHM
340 2023 446 2065 fiigen
463 2023 552 2055 nach
567 2023 635 2055 Str.
649 2021 703 2063 87,
721 2024 752 2056 Ε
770 2033 834 2056 vor
851 2024 1044 2062 derselben,
1062 2023 1152 2055 noch
1173 2023 1333 2065 folgende
1348 2023 1421 2054 drei
1437 2023 1611 2064 Strophen
1631 2023 1705 2055 bei:

131 2101 184 2135 88.
226 2103 501 2145 Frequentemus
527 2105 698 2135 canticum
952 2101 1006 2135 89.
1043 2103 1149 2145 Ergo,
1179 2113 1325 2141 soror,
1352 2106 1451 2133 tuum
1477 2113 1536 2133 cor

265 2149 369 2184 istud,
401 2159 529 2181 soror
553 2150 622 2191 pia,

219 2195 272 2226 Ne
297 2205 361 2227 nos
386 2195 524 2236 frangat
550 2195 668 2227 taedio

269 2241 365 2272 vitae
393 2239 498 2272 huius
523 2241 592 2278 via,

220 2286 309 2317 Nam
335 2286 523 2318 laetantem
549 2287 703 2317 animam

267 2332 304 2363 in
329 2331 395 2364 hac
419 2331 571 2362 melodia

222 2377 306 2408 Post
329 2377 420 2408 hanc
444 2378 554 2407 vitam
580 2376 727 2414 suscipit

265 2422 364 2454 Iesus
390 2425 424 2454 et
448 2422 570 2453 Maria.

1090 2150 1140 2180 ita
1165 2148 1360 2186 citharizet,

1045 2194 1089 2226 Se
1115 2194 1270 2235 baptizet
1297 2194 1462 2231 lacrimis,

1089 2239 1231 2280 planctu
1258 2240 1469 2279 martyrizet,

1045 2284 1183 2315 Christo
1209 2285 1294 2315 totis
1320 2284 1453 2315 viribus

1089 2331 1139 2361 sic.
1164 2340 1256 2361 nunc
1281 2326 1472 2371 organizet,

1042 2375 1090 2407 Ut
1115 2385 1193 2406 cum
1219 2374 1357 2407 Christo
1382 2378 1505 2416 postea

1089 2431 1224 2462 semper
1250 2420 1478 2452 sollenmizet.

552 2497 606 2531 90.
645 2499 743 2531 Tunc
767 2500 955 2531 cessabunt
978 2500 1128 2540 gemitus

689 2545 902 2586 planctuum,
929 2545 1097 2583 dolorum,

642 2590 728 2622 Cum
754 2590 919 2622 adiuncta
944 2590 1051 2623 fueris

692 2635 806 2667 choris
832 2636 1045 2678 angelorum,

643 2682 733 2713 Nam
759 2681 930 2713 cantando
956 2682 1106 2713 transies

689 2727 733 2758 ad
759 2727 943 2758 caelestem
971 2727 1124 2766 chorum,

646 2772 763 2813 Nupta
789 2772 989 2804 felicissime

692 2819 764 2858 regi
792 2817 1020 2849 saeculorum.
