1785 3111
658 62 967 102 —321—

233 178 397 223 Propter
425 175 623 213 mortifera
654 176 766 222 primi
799 177 939 214 delicta
969 177 1138 224 parentis

148 234 200 272 10
231 233 370 270 Vivere
400 231 525 269 fecisti
555 233 723 280 pretioso
754 235 935 280 sanguine
968 234 1123 280 Christi,

236 290 350 328 Cuius
380 289 416 326 in
449 289 615 326 adventu
643 291 821 327 mundum
853 294 971 327 totum
1004 291 1203 337 reparasti,

235 347 348 386 Cuius
379 346 521 383 iudicio
553 351 767 384 statuentur
798 351 932 384 cuncta
963 347 1031 384 sub
1063 359 1195 394 aeque,

235 403 297 441 Da
328 403 420 439 mihi
451 403 549 439 velle
577 403 728 448 bonum,
762 404 861 441 vires
893 405 942 441 ad
974 403 1258 451 perficiendum.

232 460 330 497 Nam
362 460 444 496 sine
474 465 512 496 te
543 471 688 507 nequeo
720 461 777 497 vel
809 465 933 498 mente
965 471 1163 507 capessere
1195 462 1412 508 quidquam,

148 518 198 555 15
233 517 290 553 Tu
321 516 394 553 nisi
427 517 492 553 des
525 522 662 567 votum,
697 515 913 555 frustrabor
943 519 990 554 ad
1023 518 1147 554 omnia
1178 523 1332 556 motum.

235 573 347 612 Unde
378 573 482 612 mihi.
516 584 643 620 posco,
677 574 840 610 clemens
873 574 944 610 hoc
974 585 1096 611 annue
1127 574 1262 622 primo,

236 631 315 676 Quo
347 629 521 676 proferre
552 641 684 677 queam
716 631 898 677 poscendi
929 631 1088 668 verbula
1118 635 1233 671 recte,

235 687 337 724 Exin
369 687 526 724 sinceris
557 687 747 734 precibus,
780 698 930 735 precor,
962 692 1004 724 ut
1034 689 1118 734 pius
1149 689 1261 733 assis;

234 743 293 782 Da
325 743 428 794 mihi,
463 756 615 792 quaeso,
648 744 775 787 fidern,
808 755 877 790 per
907 755 1017 791 quam
1049 750 1086 780 te
1116 755 1266 790 semper
1297 743 1451 781 adorem

151 801 203 839 20
236 801 389 847 Quaque
420 801 534 837 sciam
568 801 692 849 plane,
726 802 826 848 quod
858 802 996 837 iustum
1028 801 1078 837 sit
1107 801 1165 837 vel
1197 800 1321 838 inane.

233 857 346 903 Spem
378 858 545 895 concede
577 857 665 894 mihi
695 858 822 903 talem,
856 868 943 905 spes
971 859 1083 894 unica
1113 857 1247 905 nostri,
1282 858 1286 865 ‘

233 915 317 954 Qua
347 913 505 951 sufferre
535 925 668 960 queam
699 915 801 951 vitae
831 914 1005 951 caelestis
1037 914 1236 952 habenam.

231 971 363 1008 Restat
392 971 429 1008 in
462 971 519 1007 his
550 971 674 1017 prima
703 971 836 1018 virtus,
870 971 1023 1008 dilectio
1055 971 1153 1016 bina,

230 1028 310 1074 Qua
341 1031 378 1064 te
409 1026 591 1065 factorem
625 1027 804 1064 debemus
834 1039 961 1065 amare
993 1028 1268 1074 hominemque,

147 1085 198 1123 25
231 1084 361 1132 Quam,
394 1084 510 1131 Deus,
541 1083 701 1121 infunde
731 1096 845 1132 super
874 1085 1007 1122 intima
1038 1085 1165 1122 cordis
1196 1084 1360 1122 abunde.

230 1142 320 1179 Non
351 1152 434 1178 mea
463 1153 581 1188 mens,
614 1152 765 1188 quaeso.
799 1143 973 1179 laedatur
1003 1152 1107 1179 more
1136 1141 1315 1191 superbo,

231 1198 423 1235 Adveniat
453 1199 526 1235 rite
557 1203 681 1235 custos
713 1199 897 1245 patientia
929 1200 1039 1244 vitae,

231 1255 337 1292 Mors
370 1260 406 1291 et
437 1255 615 1302 perditio,
650 1255 823 1292 discedat
854 1266 965 1292 caeca
996 1256 1127 1295 libidO.

230 1311 296 1349 Me
326 1323 485 1359 quoque,
518 1323 645 1359 posoe,
677 1323 797 1359 regas,
831 1323 910 1349 cum
945 1313 1076 1349 videro
1108 1323 1166 1349 res
1198 1312 1354 1359 alienas,

149 1370 202 1408 30
233 1369 292 1406 Ne
323 1369 414 1415 quid
446 1369 483 1405 in
517 1369 573 1405 his
605 1374 737 1415 captus
769 1369 852 1406 fieri
884 1370 1093 1416 compellar
1124 1379 1273 1407 avaruS.

234 1425 318 1462 Non
351 1426 457 1462 cibus
488 1431 552 1462 aut
582 1433 692 1473 potus
725 1437 783 1463 me
815 1427 1001 1474 deprimat
1033 1426 1318 1463 immoderatus

232 1482 323 1527 Fac,
356 1493 504 1529 precor,
537 1487 574 1519 et
604 1488 728 1519 vestes
759 1489 998 1520 contemnere
1029 1494 1088 1520 me
1120 1483 1322 1529 pretiosas,

233 1539 293 1577 Da
324 1540 457 1587 vigiles
488 1544 592 1577 artus
623 1540 670 1576 ad
705 1546 838 1577 cuncta
870 1541 924 1577 tui
957 1539 1161 1577 famulatus

233 1599 359 1644 Atque
390 1597 626 1643 quiescentes
658 1598 771 1634 solita
803 1597 849 1634 de
881 1596 1016 1634 fraude
1048 1602 1165 1646 tuere,

150 1654 200 1691 35
233 1653 292 1690 Ne
324 1660 504 1700 corrupta
536 1665 624 1690 caro
655 1665 784 1691 somno
816 1654 992 1691 turbetur
1022 1665 1162 1692 amam.

233 1710 319 1747 Sint
349 1711 482 1757 procul
511 1711 668 1756 invidia,
700 1711 896 1757 iactantia,
928 1711 987 1756 lis,
1021 1711 1088 1748 sed
1121 1715 1159 1747 et
1188 1711 1260 1755 ira,

230 1767 312 1804 Nec
342 1767 455 1804 rebus
488 1768 593 1804 vanis
625 1778 683 1804 me
713 1768 796 1804 laus
827 1770 982 1805 seducat
1013 1767 1150 1807 inanis.

233 1824 318 1861 Non
350 1829 450 1874 peto,
485 1825 638 1861 divitias
670 1835 739 1861 nec
770 1825 931 1862 honores
963 1825 1087 1861 carnis
1118 1829 1159 1861 ut
1190 1824 1327 1868 addas,

233 1881 308 1918 Sed
342 1882 390 1918 da
421 1882 608 1928 propitius
637 1886 781 1918 tantum
814 1882 956 1919 solacia
986 1882 1108 1919 victus

149 1938 201 1975 40
232 1937 523 1988 Frucfflicaque,
558 1938 649 1974 mihi
680 1949 924 1985 quaecunque
956 1939 1102 1976 talenta
1135 1937 1289 1984 dedisti,
1347 1937 1353 1942 “

234 1995 426 2041 Quatenus
455 2006 608 2032 usuram
640 2006 787 2032 merear
817 1996 886 2032 tibi
918 1995 1081 2032 reddere
1110 1995 1263 2034 iussam.

231 2051 368 2098 Sicque
399 2063 501 2089 meos
533 2063 655 2089 mores
682 2053 721 2089 in
751 2063 879 2089 amore
909 2058 985 2095 tuo,
1017 2063 1167 2099 precor,
1199 2058 1320 2100 aptes,

233 2109 286 2146 Ut
316 2120 398 2146 mea
429 2109 478 2146 sit
509 2120 611 2156 cura,
642 2110 741 2156 quod
772 2114 892 2156 gestet
924 2110 1004 2146 vita
1035 2107 1177 2156 futura,

233 2166 290 2202 Ac
322 2176 436 2213 regno
468 2166 611 2204 Christi
642 2177 789 2203 merear
819 2167 973 2203 tandem
1003 2166 1152 2215 sociari,

151 2224 202 2260 45
236 2222 306 2267 Qui
337 2226 472 2273 tecum,
506 2228 628 2269 pater,
662 2228 700 2261 et
731 2234 813 2259 cum
843 2227 1046 2269 pneumate
1077 2227 1210 2268 regnat
1242 2223 1279 2259 in
1310 2233 1458 2262 aevum.

129 2344 244 2388 Opera
276 2349 410 2387 autogr.
445 2346 587 2377 Othloni
619 2346 874 2378 Emmeramen.
909 2355 997 2377 saec.
1034 2343 1085 2378 11.
1139 2346 1225 2378 Clm.
1257 2346 1439 2377 Monacen.
1475 2343 1602 2377 14490.

40 2389 79 2421 A.
104 2408 148 2413 --
172 2391 286 2433 Opera
319 2397 451 2435 autogr.
484 2392 628 2423 Othloni
653 2392 906 2423 Emmeramen.
933 2401 1022 2423 saec.
1052 2389 1102 2422 11.
1152 2391 1238 2422 Clm.
1265 2393 1446 2423 Monacen.
1473 2389 1514 2422 14
1525 2389 1601 2422 756.

41 2435 100 2467 fol.
128 2434 202 2469 106.
228 2437 266 2468 Β.
294 2455 336 2458 -
366 2438 498 2469 Ibidem
525 2435 567 2468 20
592 2437 649 2468 fol.
682 2435 756 2468 159.
782 2437 820 2469 C.

131 2481 161 2514 1.
192 2481 222 2514 Ο
254 2486 352 2523 pater
385 2488 540 2521 aeterne,
572 2484 628 2514 0111
655 2493 789 2523 semper
819 2482 908 2513 idem
944 2486 1059 2514 manet
1084 2493 1158 2514 esse
1186 2483 1252 2514 BC.
1281 2501 1325 2504 —
1349 2480 1370 2513 *2
1395 2483 1448 2514 bis
1473 2480 1495 2512 4
1519 2481 1600 2512 11101.

38 2525 154 2559 fehlen
186 2528 223 2559 B.
249 2546 292 2550 —
326 2527 347 2560 4
373 2530 402 2560 O
436 2530 494 2570 qui
523 2530 679 2570 personis
712 2529 823 2559 tribus
855 2528 910 2559 his
936 2529 1031 2559 Deus
1064 2538 1154 2559 unus
1179 2528 1319 2559 haberis
1347 2529 1382 2560 C.
1409 2545 1447 2550 —
1473 2526 1491 2558 'l
1518 2526 1603 2558 fehlt

42 2571 118 2612 Bc,
145 2573 316 2606 zwischen
349 2575 415 2606 den
440 2574 559 2606 Zeilen
591 2574 849 2615 nachgetragen
875 2574 914 2604 A.
939 2592 983 2596 —
1007 2571 1028 2604 9
1060 2573 1232 2604 zwischen
1266 2573 1331 2604 den
1356 2573 1474 2604 Zeilen
1500 2572 1604 2603 nach-

0 2603 1 2640 1
43 2620 209 2660 getragen
230 2620 327 2652 ABC.
343 2637 387 2641 —
407 2618 444 2651 11
471 2620 643 2650 zwischen
671 2620 736 2651 den
754 2619 872 2650 Zeilen
897 2619 1153 2661 nachgetragen
1172 2620 1239 2651 AC.
1268 2636 1309 2640 —
1337 2616 1376 2649 12
1402 2618 1487 2650 fehlt
1504 2619 1541 2648 B.
1561 2633 1603 2638 —

0 2653 4 2697 1
41 2660 86 2694 24
109 2664 282 2696 zwischen
301 2665 367 2697 den
385 2665 504 2697 Zeilen
524 2665 782 2707 nachgetragen
801 2665 869 2696 AC.
887 2681 930 2685 —
950 2662 992 2696 25
1010 2665 1132 2704 Quam,
1152 2675 1282 2705 precor,
1302 2664 1455 2695 infunde.
1474 2662 1540 2695 BC.
1560 2679 1602 2683 —

0 2706 4 2736 1
43 2705 86 2740 31
110 2709 181 2741 und
205 2707 249 2741 32
273 2710 446 2742 zwischen
471 2711 537 2742 den
562 2707 683 2742 Zeilen
709 2709 964 2751 nachgetragen
988 2710 1058 2742 Ac.
1082 2727 1128 2732 —-
1151 2711 1224 2741 Vor
1247 2707 1291 2741 33
1317 2709 1452 2741 schiebt
1472 2708 1500 2739 B
1525 2709 1600 2739 ein:

2 2771 3 2775 =
43 2753 95 2785 Ne
126 2754 247 2786 videar
278 2766 484 2798 quemquam
518 2767 578 2797 per
610 2756 698 2787 tales
725 2755 861 2787 laedere
886 2759 1009 2786 vestes.
1035 2773 1080 2776 —-
1105 2753 1147 2787 33
1175 2756 1253 2786 Non
1279 2765 1361 2796 rogo
1387 2754 1532 2785 divitias
1557 2753 1602 2787 C:

3 2795 7 2821 ἴ
43 2799 96 2830 vel
121 2799 270 2832 honores
296 2802 333 2832 B.
360 2819 404 2823 —
425 2800 468 2832 45
491 2805 606 2833 tecum
633 2805 727 2842 patre
754 2804 787 2832 et
811 2801 850 2831 A.

110 2857 273 2886 Dreves.
296 2860 501 2886 Lateinisehe
522 2859 814 2893 Hymnendichter.
856 2859 899 2885 ΙΙ.
1358 2855 1398 2887 21

0 3000 15 3111 l
