1785 3111
669 72 976 114 —257—

359 182 394 217 3.
428 181 500 218 Hle
531 181 619 219 dum
650 184 730 222 vita
760 184 903 225 fruitur
934 191 1089 237 caduca,

295 2089 358 2129 10.

288 2361 353 2399 11.

286 2623 350 2662 12.

424 237 538 275 Lucis
568 244 746 278 aeternae
777 245 906 282 radios
936 247 1068 285 videre

424 294 579 332 Visibus
611 298 738 336 cordis
769 301 914 339 studuit
944 304 1012 341 sub
1044 306 1128 343 imis

532 353 669 391 Fretus
701 356 747 393 ab
777 357 877 396 altis.

422 452 568 492 Nomen
600 455 662 492 hic
692 457 860 506 Magni
892 463 1097 500 reserando
1130 466 1232 511 plebi

421 509 575 549 Viribus
606 515 751 561 magnis
780 517 919 555 colitur
949 520 1122 570 celebris,

418 568 564 605 Auctus
594 581 616 607 a
652 570 763 609 Gallo
794 575 941 621 superis
972 578 1135 615 amando

527 625 713 673 Dogmate
745 629 865 676 largo,

416 726 547 764 Hostis
578 729 758 768 immitem
790 731 936 770 domuit.
965 733 1145 786 furorem,

415 783 525 821 Pacis
555 789 747 824 auctorem
778 790 994 829 comitando
1024 803 1191 842 suavem,

414 839 596 879 Omnibus
627 849 780 882 sanctae
811 847 1060 895 placidaeque
1093 851 1192 888 vitae

523 898 706 937 Normula
738 900 873 943 factus,

369 1028 377 1036 .
411 999 482 1036 Ille
512 1005 601 1048 post
631 1001 774 1040 clarum
806 1015 1003 1045 remanens
1033 1011 1273 1057 magistrum,

407 1055 503 1094 Eius
534 1059 718 1106 exemplis
748 1060 898 1100 inhians
930 1063 1064 1111 beatis,

408 1112 619 1151 Turbidum
651 1118 781 1154 mundi
812 1121 1022 1166 reprobans
1055 1123 1234 1162 honorem

515 1171 658 1210 Terrea
688 1176 846 1222 sprevit.

409 1271 554 1318 Spiritu
585 1285 731 1324 pauper
761 1275 831 1315 fuit
863 1279 924 1317 hic
955 1281 1138 1331 minister,

404 1328 506 1366 Hinc
534 1335 571 1367 et
602 1332 640 1368 in
669 1344 785 1381 regno
815 1336 931 1374 micat
960 1338 1026 1375 ille
1057 1340 1204 1390 dexter,

403 1385 511 1423 Mitis
542 1389 728 1440 exstabat,
761 1395 864 1430 tenet
894 1398 1008 1441 atque
1038 1402 1180 1435 terram

511 1445 609 1483 Viva
638 1453 843 1493 gerentem.

358 1571 367 1580 .
401 1518 749 1594 Fervido'planctu
780 1552 889 1589 simul
922 1554 983 1591 hic
1015 1556 1180 1607 dolebat⁷

399 1602 496 1639 Inde
525 1604 684 1643 solatum
718 1607 901 1646 Dominus
932 1618 1088 1652 coronat

399 1658 588 1698 Tristibus
619 1665 758 1712 spretis
788 1666 1029 1716 lacrimisque
1060 1673 1172 1709 tersis

507 1718 669 1765 Perpete
701 1732 828 1769 regno,

355 1846 364 1855 .
395 1816 536 1865 Famis,
570 1832 627 1871 en,
660 1822 781 1861 iustae
813 1827 1032 1876 pariterque
1062 1831 1145 1868 sitis

395 1873 542 1914 Damna
573 1889 775 1926 perpessus
808 1881 880 1920 fuit
909 1885 971 1922 hic
1002 1886 1146 1926 beatus.

394 1930 506 1970 Unde
538 1934 677 1973 divinis
709 1938 871 1985 dapibus
901 1943 1070 1989 repletus

502 1989 652 2029 Gaudet
682 1994 720 2031 in
751 1997 878 2037 astris,

391 2090 466 2128 Hic
496 2091 567 2130 fuit
599 2094 761 2133 clemens
792 2099 976 2138 miserans
1007 2103 1186 2151 misellos,

389 2146 483 2186 Eius
512 2154 549 2186 et
578 2150 693 2188 iudex
723 2154 925 2194 miseretur
953 2159 1065 2206 altus,

390 2204 487 2243 Tota
517 2217 599 2244 cum
631 2210 760 2247 mundi
791 2213 936 2259 species
967 2215 1089 2254 obibit

495 2262 592 2301 Fine
621 2265 691 2302 sub
721 2278 808 2308 uno.

385 2362 509 2401 Corde
540 2376 625 2403 nam
656 2370 796 2406 mundo
828 2370 901 2408 fuit
929 2378 1043 2422 atque
1073 2388 1183 2427 puro,

384 2419 486 2457 Hinc
516 2421 635 2459 Deum
669 2425 772 2463 clare
801 2429 937 2466 meruit
967 2432 1098 2470 videre

385 2474 506 2515 Filius
536 2481 670 2517 summi
701 2482 811 2521 simul
842 2489 878 2521 et
910 2489 1035 2526 vocari

490 2535 644 2574 Pacifer
672 2538 768 2585 ipse.

382 2625 668 2665 persecutorem
699 2630 878 2668 toleravit
907 2633 992 2682 iste,

380 2681 485 2719 Iusta
516 2683 603 2720 dum
636 2686 739 2723 vovit
769 2687 1004 2737 Dominoque
1034 2694 1176 2739 reddit,

378 2737 474 2775 Inde
503 2741 704 2778 caelestem
734 2745 869 2782 merito
901 2746 1076 2787 decorem

465 2796 661 2835 ‘Possidet
691 2799 786 2847 ipse.

61 2853 86 2879 D
94 2863 109 2880 r
117 2864 131 2882 e
140 2864 159 2882 v
169 2865 184 2883 e
193 2866 207 2884 s
218 2881 224 2891 ,
251 2859 457 2889 Lateinische
477 2864 771 2898 Hymnendichter.
803 2870 846 2898 ΙΙ.
