1785 3111
797 91 1106 132 -548-

165 207 301 250 plaudit
336 208 383 238 ist
416 217 458 237 zu
490 205 713 246 vergleichen
744 205 809 236 mit
832 205 892 236 ΝΥ.
925 203 972 243 (1)
1002 203 1040 243 3,
1077 202 1098 236 3
1129 205 1257 247 gaudet
1287 209 1321 237 et
1353 205 1469 236 incola
1496 205 1567 237 und
1591 205 1651 238 der
1676 216 1735 236 zu-

165 253 355 294 gehorigen
380 251 515 283 Glosse.
547 268 590 274 —-
616 250 771 282 Zarncke
809 259 840 281 a.
874 259 905 282 a.
930 250 973 283 V.
999 249 1066 282 Str.
1095 248 1122 290 1,
1160 249 1180 282 2
1208 251 1279 282 und
1304 249 1335 282 7.
1362 268 1407 273 --
1429 251 1646 283 Wiederholt
1671 261 1735 282 aus

164 298 264 329 Anal.
290 289 350 335 1‘V,
376 294 421 328 42
446 306 496 337 sq.

487 463 568 498 374.
605 462 664 506 (3.)
699 463 757 498 De
784 462 1055 507 Conceptione
1081 464 1225 498 beatae
1251 462 1422 498 Mariae.

781 546 941 586 Hymnus
967 546 1118 577 Tertius.

983 662 1022 698 4.
1069 661 1205 699 Semen
1235 661 1315 697 solo
1347 659 1607 705 committitur,

1069 717 1149 762 Quo
1179 717 1258 754 vita
1288 717 1427 754 mundo
1458 716 1646 765 redditur,

1068 773 1143 811 Suo
1175 773 1328 810 colonus
1359 773 1501 810 semine

1068 829 1164 867 Loto
1196 830 1333 867 revivit-
1361 830 1528 869 crimine.

166 664 202 699 1.
252 662 350 699 Solis
382 661 536 707 superni
566 660 682 707 regia,

250 719 304 756 Te
334 729 477 755 summa
509 715 619 754 fulcit
649 717 771 764 gratia

249 775 402 821 Septem
436 774 619 811 columnis
651 774 774 810 aureis

249 832 300 869 Et
333 831 511 868 clausulis
543 830 732 869 eburneis,

166 948 202 984 2.
249 947 424 993 Pyropus
455 944 536 980 illic
566 944 714 988 emicat,
985 946 1020 983 5.
1068 943 1210 980 Serena
1241 943 1346 990 virgo
1375 943 1574 993 virginum,

249 1003 427 1050 Opusque
458 998 606 1039 fabrum
639 1000 849 1047 praedicat,
1068 999 1229 1037 Noctem
1260 1010 1394 1037 serena
1424 998 1606 1047 flentium,

244 1058 434 1095 Materiae
465 1057 717 1104 praeiudicat,
1068 1057 1112 1094 In
1142 1056 1213 1093 hoc
1242 1057 1338 1093 mari
1369 1061 1446 1093 tam
1477 1055 1608 1093 mobili

246 1115 356 1152 Hanc
381 1114 530 1152 Christo
562 1113 691 1150 sedem
720 1112 910 1152 vendicat.
1067 1112 1125 1150 Tu
1155 1113 1252 1150 risus
1285 1117 1364 1150 esto
1394 1112 1524 1152 flebili.

159 1231 198 1268 3.
245 1229 366 1266 Huius
400 1228 532 1265 domus
563 1227 729 1273 inceptio
983 1228 1020 1265 6.
1067 1226 1190 1264 Pedes
1221 1236 1330 1273 regas
1361 1237 1430 1273 per
1459 1221 1645 1263 lubricum

245 1286 315 1323 Est
347 1285 505 1331 virginis
536 1284 747 1330 conceptio.
1066 1283 1171 1320 Pede
1202 1283 1368 1330 regendo
1395 1282 1595 1332 lubricum,

244 1342 362 1380 Casae
403 1341 529 1378 colunt
547 1366 549 1369 ι
569 1340 668 1378 hanc
699 1351 910 1387 corporum,
1066 1339 1125 1377 Ne
1156 1350 1228 1376 vox
1260 1350 1430 1386 opusque
1460 1339 1665 1377 iambicent

247 1399 298 1437 Ut
329 1402 429 1435 tecta
460 1398 617 1435 mundet
646 1402 855 1444 pectorum.
1066 1395 1286 1443 Statumque
1317 1396 1453 1433 mentis
1483 1397 1692 1444 implicent.

573 1512 608 1550 7.
655 1510 775 1550 Oliva.
808 1510 914 1556 pacis
946 1509 1106 1558 virgula,

653 1566 732 1603 Nos
764 1567 891 1613 expiet
922 1566 1148 1613 virguncula

652 1623 818 1670 Reisque
850 1633 1028 1670 rumpens
1062 1623 1220 1661 vincula

654 1678 784 1717 Salvet
815 1690 901 1717 suos
931 1690 1001 1727 per
1031 1680 1196 1718 saecula.

247 1805 333 1836 Clm.
351 1797 530 1835 Sinnacen
558 1802 657 1835 6911.
683 1813 772 1837 saec.
801 1801 851 1835 13.
876 1803 917 1835 A.
942 1820 986 1825 —
1011 1803 1094 1835 Cod.
1114 1803 1227 1834 Palat.
1245 1803 1486 1835 Vindobonen.
1508 1799 1608 1833 3121.
1627 1812 1720 1833 saec.

153 1849 206 1881 15.
233 1851 270 1881 Β.
304 1867 348 1870 -
374 1849 440 1880 Str.
474 1848 494 1880 3
528 1850 581 1880 bis
608 1846 627 1879 6
662 1848 778 1879 sehlen
802 1850 842 1880 Β.
875 1865 918 1869 -
942 1846 983 1886 4,
1018 1847 1033 1879 1
1063 1848 1187 1880 Semel.
1214 1850 1254 1880 A.
1283 1867 1327 1871 —
1353 1847 1391 1887 4,
1417 1846 1439 1892 3
1463 1848 1548 1880 iiber
1573 1846 1718 1880 colonus

154 1895 281 1927 wieder
305 1892 480 1926 Joaehim.
506 1896 547 1926 A.
572 1911 615 1916 —
641 1892 678 1931 5,
704 1891 725 1925 3
750 1895 790 1924 In
814 1893 880 1925 hoc
905 1894 1016 1925 nobili
1043 1895 1142 1925 mari.
1168 1894 1211 1924 A.
1239 1912 1268 1916 —
1299 1892 1337 1931 6,
1363 1891 1384 1925 3
1411 1893 1504 1925 Uber
1531 1891 1721 1924 iambicent

153 1940 369 1972 erlauternd:
397 1938 550 1970 titubent
575 1939 614 1969 A.
640 1955 684 1959 —
710 1937 747 1975 7,
781 1937 802 1969 3
827 1940 988 1980 Reosque
1006 1940 1045 1971 A.
1070 1957 1113 1960 —
1135 1940 1204 1970 Vor
1229 1939 1305 1970 dem
1323 1940 1503 1980 Hymnus:
1534 1939 1641 1979 „Item
1667 1941 1720 1969 est

151 1991 297 2017 metrum
323 1986 512 2017 iambicum
537 1985 730 2022 dimetrum,
758 1984 861 2025 quale
886 1988 939 2015 est
955 1985 1064 2016 istud:
1097 1982 1176 2015 Iam
1195 1983 1286 2015 lucis
1305 1985 1384 2016 arto
1403 1981 1528 2022 sidere,
1553 1987 1716 2016 constans

151 2042 191 2063 ex
218 2032 342 2063 iambis
368 2032 492 2072 positis
518 2029 756 2061 indifferenter
780 2040 857 2060 cum
883 2030 1150 2071 interpositione
1173 2030 1438 2071 spondaeorum‚
1465 2030 1525 2071 qui
1542 2031 1718 2071 ponuntur

150 2087 284 2118 semper
317 2078 353 2107 in
379 2077 490 2117 primo
518 2076 612 2113 loco,
646 2078 685 2105 ut
709 2072 796 2106 hicf‘
847 2074 945 2106 Nach
970 2075 1046 2106 dem
1072 2076 1249 2115 Hymnus:
1277 2076 1409 2106 Cantus
1434 2074 1538 2106 huius
1564 2073 1717 2115 rhythmi

149 2122 239 2153 idem
274 2126 327 2154 est
358 2132 435 2153 cum
469 2125 573 2152 cantu
605 2119 709 2151 huius
738 2119 876 2160 hymni,
908 2121 967 2161 qui
1003 2121 1052 2151 sic
1076 2121 1216 2160 incipit:
1257 2117 1395 2151 I'eoez'lla
1421 2118 1514 2161 reslis
1528 2117 1717 2160 prodeunt.

149 2169 188 2198 A.
217 2184 257 2189 --
283 2168 345 2199 Bei
371 2167 526 2199 Zarncke
553 2177 581 2197 a.
609 2176 639 2197 a.
666 2165 704 2197 O.
732 2164 797 2196 Str.
826 2163 854 2203 1,
880 2163 900 2196 2
925 2165 995 2196 und
1022 2164 1055 2196 7.

552 2356 633 2391 375.
669 2356 728 2398 (4.)
764 2356 822 2390 De
846 2356 970 2390 beata
995 2355 1126 2390 Maria
1150 2354 1332 2397 Virgine.

972 2472 1044 2514 1b,
1090 2473 1150 2510 Da
1180 2472 1371 2518 spiramen
1402 2470 1483 2508 veri
1513 2468 1628 2519 floris,

150 2475 219 2529 la.
259 2473 374 2519 Virgo
405 2477 526 2509 mater
556 2472 770 2520 salvatoris,

264 2529 383 2567 Stella
418 2529 545 2575 maris,
578 2528 682 2565 stilla
712 2527 822 2574 roris⁷

318 2585 369 2622 Et
401 2586 497 2622 cella
528 2585 753 2633 dulcedinis,

147 2701 217 2737 221.
257 2700 300 2736 In
331 2699 403 2736 hoc
433 2698 530 2735 mari
561 2698 612 2734 sis
644 2697 813 2734 solamen

261 2755 395 2802 Nobis,
430 2753 576 2801 cymba,
605 2754 694 2802 dux,
718 2758 901 2801 tutamen,

316 2812 471 2855 Remex‚
503 2821 607 2860 aura,
640 2811 766 2856 statio,

1092 2528 1244 2565 Florem
1275 2526 1420 2564 fructus
1453 2531 1490 2563 et
1519 2526 1662 2572 odoris,

1147 2584 1328 2621 Fructum
1360 2582 1610 2621 fortitudinis.

967 2697 1039 2737 2b.
1085 2698 1191 2734 Aura
1222 2695 1366 2743 per-fles
1395 2696 1433 2732 in
1465 2696 1537 2733 hoc
1569 2695 1682 2745 mari,

1097 2754 1201 2799 Quae
1230 2751 1446 2799 praefulges
1477 2751 1659 2798 singulari

1160 2811 1318 2856 Semper
1347 2809 1432 2856 igne
1462 2808 1630 2855 praevio.
