1785 3111
646 48 959 89 —259—

213 227 291 263 195.
325 227 384 271 (8.)
418 228 464 263 In
489 227 753 273 Susceptione
778 229 1059 273 Reliquiarum
1083 229 1217 266 sancti
1241 230 1392 273 Magni.

28 336 67 374 1.
98 335 129 373 Ο
159 338 290 372 rector
324 333 575 371 invictissime
857 337 894 373 5.
926 334 1022 373 Nam
1051 335 1209 382 spiritus
1240 346 1286 373 ex
1316 335 1443 373 sidere

106 391 326 439 Regumque
356 394 461 428 sator
489 390 631 437 inclite,
926 392 1033 429 Haec
1063 392 1234 429 creditur
1263 392 1443 437 revisere,

107 448 269 486 Nostras
297 458 431 495 preces
464 457 546 484 cum
577 447 746 485 carmine
926 448 1106 486 Gaudens
1137 449 1278 486 honore
1309 449 1468 496 provehi

107 505 268 544 Intende
298 514 399 542 nunc
428 503 611 551 piissime.
927 505 1160 552 Quandoque
1190 505 1429 543 reddendum
1461 506 1548 546 sibi.

38 621 75 659 2.
107 618 294 656 Timenda
325 628 386 655 res
418 622 477 655 est
508 617 683 664 denique,
858 620 895 656 6.
928 618 1039 655 Nunc
1068 617 1274 664 Magnus
1305 618 1377 655 iste
1407 619 1559 657 nomine

110 675 390 713 Praesumimus
421 686 533 722 quam
565 679 735 723 tangere,
927 674 1127 721 Maiorque
1157 674 1302 713 Christi
1332 686 1488 713 munere

106 733 226 770 Artus
257 736 294 769 et
325 732 457 769 horum
488 731 672 780 pandere,
927 729 1120 768 Defendat
1149 731 1250 768 alma
1281 732 1404 778 gratia

108 790 208 835 Quos
239 794 280 826 tu
310 788 434 826 beasti
463 788 500 826 in
534 787 700 826 aethere.
926 787 1056 825 Plebis
1088 787 1228 825 viantis
1259 795 1429 835 pectora.

40 905 77 942 3.
109 902 299 950 Absterge
329 905 474 947 nostra,
507 912 745 948 quaesumus,
859 902 896 940 7.
926 901 1141 951 Portamus,
1173 911 1272 948 ecce,
1306 903 1435 940 cernui

112 962 286 1009 Peccata,
319 969 416 1006 quae
447 958 710 1007 commisimus,
926 957 1067 1004 Pignus
1100 958 1248 996 decoris
1280 959 1475 1006 splendidi

109 1018 164 1056 Ut
192 1019 325 1054 sancta
353 1015 523 1052 membra
553 1018 710 1062 tangere
924 1014 1036 1052 Nunc
1064 1015 1192 1062 plana,
1224 1026 1324 1053 nunc
1354 1027 1423 1065 per
1453 1028 1592 1065 aspera

107 1073 194 1111 Non
224 1083 348 1121 poena
379 1072 429 1110 sit
454 1072 522 1110 sed
544 1071 767 1120 praemium.
923 1071 987 1109 Ad
1019 1072 1121 1109 sedis
1151 1076 1266 1120 aptae
1297 1073 1474 1114 culmina.

37 1189 76 1226 4.
106 1186 228 1225 Adest
259 1185 356 1224 fides
386 1185 683 1236 promptissima,
857 1186 894 1225 8.
926 1184 1002 1222 Hic
1032 1184 1168 1222 civium
1200 1186 1417 1224 caelestium

110 1243 311 1291 Spondens
341 1253 411 1291 per
440 1243 515 1279 ista
544 1242 673 1280 munia
926 1241 1011 1279 Lux
1043 1241 1147 1279 clara
1176 1243 1355 1292 splendet
1384 1244 1508 1293 obvia,

109 1300 189 1338 Nos
219 1300 395 1338 adiuvari
426 1299 588 1347 certius3
927 1300 986 1336 Ac
1017 1309 1213 1346 compares
1242 1299 1419 1338 fidissimi

107 1357 292 1396 Discedat
322 1357 411 1395 hinc
440 1357 516 1395 iam
547 1355 732 1403 perfidus,
928 1357 1140 1403 Iunguntur
1165 1367 1230 1394 ore
1259 1357 1391 1398 nobili.

418 1476 458 1510 9.
500 1469 586 1507 Illic
616 1469 787 1516 parentis
818 1469 977 1516 gloriam

500 1527 717 1574 Summique
747 1527 827 1564 nati
857 1527 1018 1574 gratiam

501 1583 595 1622 Cum
626 1583 801 1621 claritate
831 1584 990 1631 spiritus

498 1640 628 1678 Laetis
665 1651 842 1678 canamus
873 1640 1041 1678 vocibus.

107 1754 214 1797 Trop.
238 1764 301 1787 ms.
326 1753 556 1796 Sangallense
581 1763 670 1785 saec.
698 1750 750 1785 10.
800 1752 885 1786 Cod.
910 1753 1111 1795 Sangallen.
1136 1750 1213 1785 381.

207 1934 290 1970 196.
326 1935 385 1978 (9.)
421 1934 467 1969 In
493 1933 759 1979 Susceptione
785 1934 1066 1978 Reliquiarum
1092 1934 1225 1969 sancti
1250 1933 1402 1976 Magni.

336 2041 372 2080 1.
406 2039 579 2077 Christus
610 2040 659 2078 ad
690 2044 840 2077 nostras
871 2039 999 2077 veniat
1030 2050 1216 2089 camenas,

408 2097 584 2136 Christus
616 2101 653 2134 et
683 2107 813 2135 vocem
843 2097 986 2134 tribuat
1017 2097 1220 2142 salubrem

408 2154 580 2191 Christus
611 2154 661 2191 ad
693 2153 809 2191 vitam
842 2154 953 2191 vehat
985 2157 1022 2190 et
1051 2164 1256 2200 perennem

497 2211 545 2249 Se
576 2211 827 2250 modulantes

337 2327 376 2364 2.
408 2325 553 2363 Audiat
583 2328 731 2361 nosmet
762 2325 898 2361 chorus
930 2324 1162 2372 angelorum,

408 2383 589 2428 Protegat
618 2392 685 2418 nos
715 2381 823 2427 plebs
855 2385 892 2417 et
922 2380 1192 2428 apostolorum,

409 2438 657 2477 Patriarchae
688 2449 817 2475 omnes
849 2438 962 2474 simul
993 2442 1030 2474 et
1060 2437 1271 2485 prophetae

498 2496 600 2532 Luce
635 2495 806 2542 perenni.

338 2611 375 2647 3.
411 2609 625 2655 Martyrum
660 2608 791 2645 turbas
822 2608 986 2654 petimus
1018 2618 1185 2654 serenas,

410 2665 611 2711 Sanguinis
643 2665 769 2711 palma
799 2665 996 2711 pretioque
1027 2665 1161 2709 claras,

373 2727 380 2733 ”
412 2722 523 2759 Vocis
555 2727 593 2757 ut
625 2727 778 2760 nostrae
810 2722 972 2758 modulis
1002 2722 1166 2768 receptis

471 2809 475 2812 .
501 2778 649 2815 Gaudia
681 2784 889 2825 praestent.

1312 2842 1380 2874 Π*
