1785 3111
771 77 1075 118 —544—

512 194 575 231 13.
621 192 706 238 Eia,
737 193 841 229 solve
871 203 930 228 me
962 192 1164 240 captivam,

620 250 671 288 Ut
703 249 741 285 in
771 259 904 286 aevum
936 253 1058 285 tecum
1090 249 1235 299 vivam3

619 306 726 352 Quod
757 309 794 342 te
825 316 920 354 amo,
953 317 1027 342 non
1057 306 1232 352 ignoras,

617 361 768 409 Frange
800 360 1049 409 ergo'longas
1081 373 1218 411 moras,

688 419 766 464 Quo
798 419 907 455 citius
939 418 1129 465 perficiar.

618 476 681 513 Ad
714 486 871 512 amoena
904 476 1003 512 vitae
1034 475 1116 512 loca

619 532 850 569 Sunamitem
879 536 981 568 tuam
1011 542 1121 580 vooa;

619 588 709 637 Mei,
743 599 894 635 quaeso,
927 588 1146 625 memoreris

620 646 669 682 Et
701 646 739 681 in
771 646 922 692 longum
953 655 1001 681 ne
1033 645 1205 691 moreris,

684 703 760 739 Aut
794 702 854 740 hic
885 711 1013 739 amore
1043 703 1195 739 moriar.

240 804 319 834 Van
345 803 405 834 der
430 797 546 834 ‚Ste'rre
574 814 604 844 p.
632 800 698 834 239
724 814 797 844 sqq.
823 803 864 833 A.
891 819 933 824 ——
951 802 1037 834 Orat
1062 812 1123 833 ms.
1142 802 1404 833 Lunaelaeense
1422 811 1511 833 saec.
1532 800 1581 834 15.
1625 802 1707 834 Cod.

142 849 385 880 Vindobonen.
424 846 523 880 3848.
560 849 599 879 Β.
636 865 680 869 -
716 848 811 879 Orat.
850 859 911 879 mS.
943 849 1156 889 Tegurinum
1190 857 1278 879 saec.
1318 845 1369 879 15.
1403 847 1490 879 Clm.
1523 849 1707 879 Monacen.

141 892 186 925 20
197 892 272 926 001.
300 895 337 926 C.
364 912 405 916 -—
432 894 528 925 Orat.
563 904 624 924 ms.
650 893 872 925 Lehninense
898 895 979 924 anni
1010 890 1104 924 1518.
1154 892 1233 924 Cod.
1262 893 1459 924 Berolinen.
1486 891 1559 924 1V⁰
1584 890 1637 924 29.
1664 894 1708 925 D.

139 956 184 960 —
217 939 312 971 Orat.
346 950 407 970 ms.
442 939 655 980 Tegurinum
689 949 779 971 saec.
816 937 866 970 15.
913 938 999 970 Clm.
1026 939 1206 970 Monaeen.
1236 935 1361 969 19824.
1386 938 1428 970 Ε.
1455 956 1497 959 -
1523 938 1622 970 Orat.
1645 949 1708 970 ms.

145 984 180 1016 S.
205 986 300 1016 Petri
327 985 565 1024 Salisburgen.
597 994 685 1015 saec.
715 983 766 1016 15.
815 984 898 1016 Cod.
926 984 1057 1015 Petrin.
1084 984 1104 1015 b
1130 984 1197 1015 VII
1225 981 1277 1016 10.
1303 984 1338 1014 F.

237 1029 264 1067 1,
301 1028 321 1060 2
354 1030 434 1061 Flos
468 1030 617 1060 odorans
653 1029 814 1061 BCDEF.
841 1047 884 1051 —
912 1029 940 1067 1,
967 1028 987 1060 5
1013 1031 1058 1060 mi
1085 1033 1257 1060 revertere
1283 1029 1320 1060 F.
1346 1046 1391 1050 —-
1418 1027 1446 1067 1,
1473 1026 1493 1059 6
1518 1029 1708 1060 demoraris

140 1075 305 1107 BCDEF.
338 1092 382 1095 —-
414 1073 450 1111 1,
484 1072 505 1105 8
538 1078 571 1106 et
604 1076 755 1116 quiescis
790 1075 952 1107 BCDEF.
996 1093 1030 1096 —
1061 1072 1090 1112 2,
1118 1072 1138 1105 2
1162 1075 1314 1105 Mentem
1339 1084 1449 1106 meam
1475 1074 1638 1106 BCDEF.
1663 1091 1704 1097 —-

141 1118 171 1157 2,
205 1118 225 1151 3
259 1124 375 1151 currat
405 1120 569 1152 BCDEF.
602 1137 647 1141 -—
679 1117 709 1155 2,
735 1119 757 1151 4
788 1121 967 1162 fatigatus
993 1120 1039 1152 A:
1075 1120 1236 1160 Fatigato
1262 1119 1363 1150 BEF.
1388 1137 1433 1141 —
1458 1118 1488 1157 2,
1515 1119 1535 1151 5
1560 1130 1705 1161 sequere

142 1176 194 1197 me
220 1167 257 1197 B.
284 1183 327 1187 -—
354 1166 414 1197 Sta
446 1165 532 1197 fehlt
557 1165 693 1198 BCEF:
728 1166 756 1197 O
783 1176 860 1197 care
886 1166 928 1197 D.
954 1182 998 1186 —
1022 1162 1054 1203 3,
1080 1162 1100 1196 3
1124 1166 1204 1196 Meo
1229 1175 1361 1196 meeum
1387 1165 1459 1196 DF.
1484 1182 1529 1186 —
1554 1162 1584 1203 3,
1610 1163 1631 1196 4
1656 1165 1705 1197 Ac.

142 1212 205 1242 sub
238 1222 306 1242 uno
341 1213 448 1242 simus
482 1214 572 1242 tecto
605 1211 650 1242 B:
685 1212 734 1242 Ae
760 1212 789 1242 si
814 1221 883 1242 uno
910 1212 1018 1241 simus
1044 1210 1121 1244 CE:
1158 1210 1205 1241 Ae
1231 1210 1272 1241 de
1300 1210 1364 1241 sub
1388 1220 1456 1241 uno
1483 1214 1573 1242 tecto
1599 1211 1635 1242 F.
1661 1228 1705 1232 —

142 1254 173 1293 3,
202 1254 220 1286 7
253 1259 298 1287 sit
331 1260 368 1288 ut
401 1267 481 1288 rosa
507 1256 669 1288 ssCDEF.
696 1273 739 1277 —
764 1254 794 1295 3,
825 1254 865 1288 10
891 1260 924 1287 et
948 1255 1033 1287 fehlt
1058 1255 1158 1287 ABF.
1184 1272 1228 1276 —
1252 1253 1284 1293 4,
1311 1253 1331 1286 2
1356 1265 1569 1287 commorare
1593 1256 1636 1287 E.
1665 1273 1706 1277 —

139 1300 177 1339 4,
213 1300 231 1333 7
263 1302 358 1333 fruar
388 1301 551 1334 BCDEF.
586 1319 629 1322 —
661 1299 700 1338 4,
735 1299 755 1333 8
788 1303 839 1333 De
873 1312 927 1332 me
959 1311 1040 1332 vero
1076 1301 1125 1331 nil
1159 1300 1324 1332 BCDEF.
1351 1320 1392 1323 —
1418 1299 1448 1338 5,
1478 1299 1493 1332 1
1520 1302 1600 1333 Iesu
1624 1302 1705 1333 veni

142 1346 307 1378 BCDEF.
341 1365 385 1368 —
416 1345 453 1386 5,
487 1345 507 1378 2
536 1350 573 1378 -te
599 1356 764 1388 compone
798 1348 964 1379 BCDEF.
1003 1363 1045 1367 —
1078 1345 1108 1384 5,
1136 1343 1156 1378 3
1181 1356 1315 1377 meeum
1340 1346 1377 1377 in
1402 1346 1467 1377 hac
1491 1348 1567 1378 vice
1594 1347 1704 1387 BDF;

144 1392 207 1423 hac
234 1394 268 1423 in
294 1394 371 1424 viee
397 1393 467 1425 ΟΕ.
494 1410 535 1414 -
562 1390 594 1430 5,
621 1392 640 1424 6
665 1392 833 1424 dilatetur
858 1392 1021 1424 BCDEF.
1048 1409 1092 1413 —
1119 1390 1150 1429 5,
1177 1389 1195 1422 7
1222 1391 1455 1423 inflammetur
1479 1392 1643 1424 BCDEF.
1661 1410 1704 1413 —

140 1435 170 1475 5,
207 1436 226 1469 8
261 1438 398 1470 Sentiat
429 1442 461 1469 te
495 1439 691 1469 venientem
718 1438 882 1470 BCDEF.
909 1457 952 1460 —
985 1436 1015 1476 5,
1052 1435 1071 1469 9
1106 1437 1248 1478 Semper
1282 1448 1415 1469 meeum
1447 1441 1705 1478 permanentem

142 1483 308 1517 BCDEF.
335 1500 375 1505 —
405 1482 435 1521 5,
465 1481 505 1515 10
529 1483 736 1525 Praegustet
761 1483 925 1515 BCDEF.
952 1501 996 1504 —
1020 1484 1090 1514 Vor
1115 1480 1145 1522 6,
1177 1481 1191 1513 1
1219 1482 1354 1514 schiebt
1379 1483 1410 1514 D
1435 1484 1509 1514 ein:

634 1552 683 1583 Ut
708 1562 784 1582 cum
810 1552 903 1583 fonte
927 1551 1150 1583 lacrimarum

634 1597 702 1629 Cor
727 1598 913 1628 contritum
939 1600 973 1628 et
998 1606 1152 1628 amarum

633 1642 708 1674 Tuo
734 1646 852 1673 saneto
879 1639 916 1673 in
940 1642 1044 1673 altari

635 1688 835 1719 Delectetur
860 1688 994 1728 epulari

686 1733 819 1765 Affeetu
845 1736 961 1764 tantae
988 1733 1135 1764 hostiae.

141 1798 177 1837 6,
211 1798 229 1831 7
265 1801 340 1839 Quo
373 1800 541 1832 dulcescit
573 1811 686 1832 meum
720 1805 839 1840 pectus
874 1801 1039 1833 BCDEF.
1077 1818 1118 1822 -—
1152 1798 1187 1839 6,
1222 1798 1242 1832 5
1277 1800 1306 1832 O
1339 1800 1424 1832 fehlt
1449 1801 1582 1842 BCEF3
1617 1801 1702 1833 alles

141 1846 281 1877 weltere
309 1845 393 1876 fehlt
419 1846 582 1877 BCDEF.

230 1891 307 1921 Van
343 1891 402 1921 der
439 1892 554 1923 Sterre
592 1890 832 1922 iibersehreibt
876 1891 938 1922 das
975 1891 1139 1923 Gedieht:
1182 1892 1321 1932 „Oratio
1359 1891 1402 1923 ad
1436 1893 1479 1924 D.
1512 1893 1553 1923 N.
1588 1892 1701 1923 Iesum

143 1935 330 1975 Christum,
356 1946 445 1975 quae
471 1936 513 1967 ab
541 1936 659 1967 eodem
686 1936 837 1967 creditur
862 1934 1094 1977 composita;‘⁴
1127 1938 1178 1968 sie
1205 1937 1306 1968 stand
1331 1938 1368 1968 in
1392 1937 1452 1968 der
1470 1937 1706 1975 Handsehrift,

139 1982 287 2013 welcher
313 1992 348 2013 er
373 1982 423 2012 sie
449 1981 624 2020 entnahm,
658 1982 883 2012 unmittelbar
915 1992 976 2012 vor
1010 1983 1068 2013 ΝΥ.
1094 1980 1150 2021 (2).
1199 1983 1265 2014 Die
1291 1982 1462 2024 Analogie
1495 1983 1553 2014 des
1580 1982 1705 2014 Liedes

140 2028 204 2057 mit
228 2026 293 2058 den
319 2027 443 2058 beiden
468 2026 793 2068 vorhergehenden,
829 2036 899 2057 was
925 2027 1121 2064 Versmass,
1158 2027 1223 2059 Stil
1249 2028 1318 2059 und
1345 2028 1542 2069 Stimmung
1566 2027 1705 2066 betrifft,

141 2071 224 2102 liisst
247 2082 292 2103 an
317 2072 378 2103 der
402 2072 625 2103 Autorsehaft
650 2072 710 2104 des
736 2073 915 2103 Hermann
940 2071 1073 2113 Jose'ph
1098 2069 1197 2103 nieht
1223 2073 1390 2107 zweifeln.
