1785 3111
758 56 953 96 —362
1016 80 1065 84 —

673 189 754 224 280.
791 189 872 231 (17.)
906 190 964 224 De
989 190 1168 232 Angelis.

687 295 723 332 1.
770 295 950 342 Michael,
984 294 1154 343 Gabriel,

767 351 952 398 Raphael,
983 351 1169 398 adestote,

143 456 213 491 22.
257 452 431 490 Summae
463 453 648 489 trinitatis
962 452 1034 493 2b,
1075 453 1169 489 Tres
1199 452 1320 490 tribus
1352 452 1489 491 officiis

310 509 432 546 nuntii
463 510 609 558 summi,
1131 510 1352 556 praepositi.

143 613 214 649 Sa.
257 611 355 648 Nam
387 617 427 647 tu
458 612 697 648 sacerdotum
960 611 1034 650 3b.
1069 612 1180 648 quta
1211 622 1315 647 aram
1347 611 1479 657 templi

253 667 334 704 Deo
366 668 646 704 ministrantum
1076 668 1244 705 director
1273 667 1418 704 incensi

254 724 513 761 comminister
1074 735 1227 761 aureum
1260 735 1328 771 per

255 791 307 829 es,
339 781 518 831 Michael‚
1076 781 1296 820 turibulum.

141 885 211 921 421.
256 883 331 920 Sed
363 887 415 932 tu,
450 882 619 928 Gabriel,
961 883 1035 924 4b.
1078 884 1220 922 Contra
1251 886 1446 929 peccatum

253 939 335 976 sine
365 938 438 976 fine
470 941 593 977 Iesum
1075 940 1319 977 administras
1351 950 1506 986 regnum

253 996 405 1033 nuntias
437 1002 694 1043 regnaturum,
1074 996 1242 1033 iustitiae
1272 996 1467 1034 invictum.

143 1099 214 1136 521.
257 1097 327 1144 Tu,
360 1097 545 1146 Raphael‚
964 1097 1038 1136 5b.
1080 1097 1162 1134 Deo
1193 1101 1369 1145 mentem,

258 1154 485 1191 medicando
1078 1154 1194 1190 menti
1226 1164 1375 1190 carnem

259 1215 373 1257 atque
403 1211 555 1257 nuptias
1080 1215 1184 1247 casto
1215 1210 1335 1248 socias

257 1268 470 1304 ordinando
1078 1267 1262 1314 coniugio.

147 1371 218 1409 6a.
264 1370 327 1408 Sic
357 1374 416 1406 tus
449 1374 485 1406 et
516 1379 647 1407 aurum
968 1369 1042 1408 6b.
1085 1368 1330 1408 Sacerdotale

260 1437 502 1473 murramque
534 1438 599 1463 vos
630 1426 773 1464 offertis
1081 1437 1235 1473 regnum
1267 1426 1306 1462 in
1338 1425 1510 1463 castitate

260 1487 295 1520 et
328 1483 464 1520 offerre
497 1484 644 1521 docetis
1082 1483 1319 1529 disponendo
1351 1483 1545 1521 ecclesiae.

506 1587 526 1599 ,-

511 1600 541 1624 t.
589 1587 691 1632 Quae
722 1590 873 1623 saerata
902 1590 942 1622 ut
974 1586 1104 1633 regina

590 1643 789 1680 coniuncta
820 1642 971 1680 Christo

587 1700 662 1736 iam
693 1700 805 1746 plene
835 1699 941 1736 vobis
974 1699 1210 1745 collaetetur,

589 1768 657 1803 per
688 1768 755 1795 vos
787 1760 1006 1803 vestrosque.
1036 1756 1137 1792 cives
1168 1756 1330 1792 iuvetur.

237 1867 341 1901 Grad,
368 1878 429 1897 ms:
456 1866 715 1908 Secoviense('?)
740 1878 827 1899 saec.
856 1865 908 1902 12.
954 1867 1036 1899 Ood.
1062 1867 1304 1898 Vindobonen.
1334 1863 1459 1898 13:314.
1486 1884 1527 1888 ——
1554 1865 1709 1896 Wieder-

147 1911 223 1944 holt
247 1921 309 1943 aus
335 1912 435 1946 Anal.
462 1914 504 1950 X,
534 1911 609 1947 267.

526 2081 608 2116 2⁸1.
643 2080 724 2122 (18.)
759 2082 816 2116 De
842 2082 964 2116 beata
989 2080 1121 2115 Maria
1146 2080 1327 2122 Virgine.

591 2176 627 2213 1.
674 2175 801 2212 Mater
834 2175 974 2212 dilecta

681 2232 810 2268 dilecti
843 2242 888 2268 ex
922 2231 1073 2276 dilecto,

684 2288 897 2325 dilectionis
930 2287 1052 2334 gratia
1083 2287 1208 2333 plena,

682 2355 832 2391 semper
862 2344 980 2392 virgo,

681 2405 812 2438 sancta
840 2401 978 2439 Maria.

153 2493 223 2529 2a.
265 2490 362 2527 Nam
394 2494 435 2526 ut
465 2501 574 2527 ovum
606 2492 770 2528 volucris
964 2490 1036 2529 2b.
1081 2490 1142 2527 Sic
1173 2494 1213 2525 tu
1243 2489 1390 2535 integra
1422 2488 1552 2525 divino

266 2546 346 2584 fotu
378 2550 414 2582 et
446 2547 571 2583 calore
1078 2546 1268 2583 calescens
1299 2555 1426 2582 amore

263 2603 466 2640 animatum
1077 2603 1197 2638 virum
1228 2612 1365 2638 novum

264 2659 501 2696 circumdare
1076 2657 1339 2695 circumdabas

264 2716 502 2763 cognoscitur
532 2716 632 2753 intra
1077 2716 1184 2752 iuxta
1214 2713 1395 2750 Ieremiae

263 2783 303 2810 se
332 2771 461 2819 fotum,
1074 2771 1324 2818 praedictum.
