1785 3111
114 203 150 238 5.

123 1752 144 1787 9

94 2136 157 2172 1Ο.

93 2518 157 2556 11.

715 109 765 113 -
826 84 908 125 572

197 200 296 237 Crux
326 200 363 236 in
397 199 522 249 corde,
557 210 649 236 crux
679 198 719 236 in
747 209 812 236 ore

196 256 366 303 Quodam
397 256 528 292 intimo
560 265 696 302 sapore

253 313 329 349 Det
358 312 429 349 tibi
456 312 708 359 dulcedinem,

201 367 302 406 Crux
338 369 377 405 in
409 369 587 406 membris
619 368 832 406 dominetur

199 426 247 462 Et
279 425 418 472 ubique
449 426 611 462 situetur

259 483 364 519 lutra
394 486 512 519 totum
544 482 745 520 hominem.

205 595 281 632 Cor
312 606 333 632 a
365 606 475 632 cruce
507 595 706 632 sorbeatur

201 651 252 688 Et
285 652 322 688 in
353 652 456 689 illam
490 652 662 698 rapiatur

257 709 410 745 Amoris
444 709 632 757 incendio,

202 765 398 812 Dissipata
431 765 554 803 carnis
586 765 668 802 rixa

203 822 313 859 Mens
346 822 393 858 sit
425 828 504 859 tota.
537 821 716 859 crucifixa

262 878 435 925 Spiritali
467 879 617 926 gaudio.

149 1010 156 1017 .
203 979 413 1026 Specialem
447 978 505 1016 fer
535 990 699 1016 amorem

202 1036 255 1073 Et
287 1036 536 1082 praecipuum
567 1037 746 1073 honorem

262 1092 393 1130 Crucis
425 1091 659 1130 salutiferae.

205 1150 298 1187 Cum
331 1148 482 1186 fervore
515 1149 764 1186 medullarum

204 1205 300 1242 Nisu
332 1207 468 1243 virium
501 1211 650 1243 tuarum

264 1263 363 1299 Velis
396 1263 493 1300 hanc
526 1263 697 1309 diligere.

207 1365 250 1401 In
281 1365 481 1411 praeclara
513 1366 623 1401 cruce
654 1365 765 1402 stude

205 1421 256 1458 Et
286 1422 324 1458 in
355 1422 475 1468 ipsam
509 1426 545 1458 te
578 1422 732 1458 reclude

264 1478 405 1525 Magna
438 1489 519 1514 cum
551 1478 720 1527 laetitia:

209 1534 361 1572 Christo
394 1535 444 1571 sis
477 1534 646 1572 confixus
679 1535 795 1580 cruci,

206 1591 257 1629 Ut
287 1596 327 1627 tu
358 1592 486 1628 valeas
518 1592 678 1637 perduci

264 1647 396 1693 Secum
429 1649 478 1685 ad
511 1649 701 1685 caelestia.

151 1778 159 1786 .
207 1753 354 1795 Quaere
369 1761 529 1797 crucem,
549 1760 688 1796 quaere
702 1750 841 1799 clavos,

207 1806 352 1851 Quaere
384 1818 528 1851 manus,
567 1807 683 1853 pedes
717 1817 842 1851 cavos,

265 1864 411 1908 Quaere
444 1862 584 1899 fossam
615 1864 770 1910 lateris3

208 1918 265 1955 Ibi
298 1919 451 1965 plaude,
484 1919 535 1955 ibi
568 1921 690 1966 gaude

207 1975 296 2014 Sine
329 1974 465 2012 fraude
496 1987 639 2012 summa
671 1975 794 2015 laude.

262 2032 597 2079 Quantumcunque
629 2032 784 2079 poteris.

206 2134 314 2171 Istud
338 2139 489 2180 pactum
507 2145 580 2170 non
598 2134 645 2170 sit
664 2132 839 2181 fractum,

206 2189 306 2227 Crux
319 2191 525 2237 praecedat
543 2201 688 2227 omnem
703 2194 840 2239 actum,

262 2246 312 2284 Ut
344 2248 549 2284 succedant
582 2258 787 2295 prospera;

206 2303 309 2340 Crux
344 2311 401 2342 est
434 2305 577 2350 optima
608 2304 769 2350 medela,

206 2359 344 2396 Contra
382 2360 600 2397 zabulorum
634 2361 710 2397 tela

263 2416 387 2453 Valde
420 2416 631 2456 salutifera.

205 2517 264 2554 Sis
293 2517 331 2553 in
364 2528 474 2553 cruce
507 2517 649 2555 Christi
681 2522 794 2565 totus,

203 2574 386 2619 Prompto
418 2574 542 2610 animo
575 2575 733 2611 devotus

261 2629 385 2667 Iubilo
418 2630 656 2679 dulcedinis,

206 2686 363 2724 Servum
396 2686 466 2723 Dei
500 2697 591 2723 crux
625 2685 810 2733 defendit,

205 2742 503 2789 Comprehendit
536 2748 572 2779 et
603 2744 769 2780 ostendit

263 2799 371 2836 Viam
403 2799 657 2838 rectitudinis,

904 200 969 239 12.

913 595 978 633 13.

916 981 980 1018 14.

919 1365 984 1403 15.

919 1750 983 1789 16.

914 2135 979 2172 17.

920 2519 983 2556 18.

1017 198 1110 237 Cum
1151 203 1357 245 temptatus
1399 203 1435 235 et
1474 198 1654 246 afflictus,

1016 255 1231 293 Derelictus
1263 255 1369 302 quasi
1400 255 1521 292 victus

1076 312 1129 349 Es
1160 312 1261 349 inter
1291 313 1495 359 angustias,

1021 368 1108 405 Non
1144 369 1195 405 sis
1228 369 1338 415 piger
1368 379 1488 415 neque
1517 368 1655 416 lentus,

1022 424 1097 462 Sed
1129 425 1329 472 sollicitus,
1360 425 1542 473 intentus,

1079 481 1199 519 Cruce
1231 480 1394 518 frontem
1425 482 1583 521 munias,

1027 594 1119 632 Cum
1151 594 1313 641 quiescis
1345 599 1383 631 et
1413 594 1578 640 laboras,

1024 651 1182 698 Quando
1205 651 1321 699 rides,
1345 651 1495 698 quando
1516 651 1656 702 ploras,

1082 708 1197 745 Doles
1230 708 1309 744 sive
1339 708 1519 754 gaudeas,

1025 765 1183 812 Quando
1211 764 1337 814 vades,
1372 764 1522 811 quando
1544 763 1660 814 venis,

1026 822 1069 858 In
1101 821 1252 858 solaciis
1285 826 1321 857 et
1351 821 1484 867 poenis

1086 878 1245 916 Crucem
1278 878 1393 914 corde
1424 882 1567 915 teneas.

1030 980 1131 1017 Crux
1171 980 1209 1016 in
1252 979 1424 1016 omnibus
1460 979 1664 1026 pressuris,

1027 1036 1191 1073 Multum
1222 1036 1401 1083 gravibus
1433 1040 1468 1072 et
1502 1035 1605 1073 duris

1086 1093 1157 1130 Est
1189 1097 1309 1129 tutum
1341 1093 1561 1139 remedium,

1031 1149 1133 1187 Crux
1165 1149 1203 1185 in
1235 1150 1367 1195 poenis
1400 1154 1436 1186 et
1465 1148 1662 1186 tormentis

1028 1206 1098 1242 Est
1131 1206 1292 1242 dulcedo
1324 1207 1410 1253 piae
1441 1205 1577 1242 mentis

1085 1263 1135 1299 Et
1167 1273 1296 1300 verum
1328 1261 1526 1309 refugium.

1033 1365 1134 1402 Crux
1167 1369 1223 1401 est
1254 1375 1349 1402 vena
1379 1363 1562 1413 paradisi,

1030 1422 1073 1458 In
1105 1433 1176 1468 qua
1209 1422 1327 1458 solum
1359 1426 1444 1458 sunt
1478 1419 1620 1468 confisi,

1087 1478 1156 1523 Qui
1190 1479 1360 1514 vicerunt
1393 1478 1540 1522 omnia3

1030 1535 1133 1573 Crux
1165 1540 1219 1571 est
1248 1534 1379 1571 mundi
1409 1534 1610 1581 medicina,

1031 1592 1106 1629 Per
1136 1602 1246 1638 quam
1280 1591 1427 1628 bonitas
1461 1590 1590 1628 divina

1089 1648 1197 1684 Fecit
1229 1647 1432 1686 mirabilia.

1031 1750 1133 1787 Crux
1165 1755 1220 1786 est
1253 1750 1354 1786 salus
1386 1749 1607 1798 animarum,

1030 1807 1169 1844 Verum
1202 1807 1326 1843 lumen
1357 1811 1392 1842 et
1415 1806 1666 1855 praeclarum,

1085 1863 1136 1900 Et
1169 1863 1330 1900 dulcedo
1363 1863 1556 1912 cordiun13

1030 1919 1130 1956 Crux
1162 1924 1218 1956 est
1251 1920 1329 1956 vita
1359 1919 1557 1957 beatorum

1027 1976 1077 2012 Et
1110 1976 1308 2013 thesaurus
1338 1975 1594 2022 perfectorum

1086 2032 1137 2068 Et
1170 2033 1284 2068 decor
1315 2038 1349 2068 et
1385 2032 1576 2079 gaudium.

1026 2134 1127 2172 Crux
1167 2138 1222 2170 est
1264 2134 1458 2180 speculum
1497 2134 1661 2182 virtutis,

1028 2190 1226 2228 Gloriosae
1259 2190 1335 2227 dux
1369 2190 1514 2235 salutis,

1083 2247 1179 2284 Tota
1211 2257 1298 2293 spes
1328 2245 1520 2297 fidelium3

1030 2303 1132 2340 Crux
1164 2308 1220 2340 est
1253 2303 1367 2340 decus
1395 2303 1663 2340 salvandorum

1028 2361 1077 2397 Et
1110 2361 1290 2397 solacium
1322 2370 1450 2397 eorum

1086 2418 1211 2463 Atque
1244 2416 1488 2454 desiderium.

1033 2519 1134 2555 Crux
1149 2523 1203 2554 est
1217 2518 1335 2568 navis,
1350 2529 1440 2554 crux
1451 2522 1507 2554 est
1514 2521 1661 2565 portus,

1032 2574 1134 2611 Crux
1167 2575 1386 2611 deliciarum
1417 2574 1560 2616 hortus,

1091 2632 1133 2668 In
1167 2640 1239 2677 quo
1270 2629 1407 2667 florent
1437 2630 1584 2675 omnia3

1030 2687 1132 2725 Crux
1163 2691 1220 2723 est
1251 2685 1361 2723 fortis
1392 2691 1585 2724 armatura

1028 2743 1079 2780 Et
1110 2743 1295 2789 protectio
1326 2754 1459 2780 secura

1087 2799 1294 2837 Conterens
1328 2799 1538 2837 daemonia.
