<?xml version="1.0" encoding="UTF-8"?>
<!DOCTYPE html PUBLIC "-//W3C//DTD XHTML 1.0 Transitional//EN"
    "http://www.w3.org/TR/xhtml1/DTD/xhtml1-transitional.dtd">
<html xmlns="http://www.w3.org/1999/xhtml" xml:lang="en" lang="en">
 <head>
  <title>
</title>
<meta http-equiv="Content-Type" content="text/html;charset=utf-8" />
  <meta name='ocr-system' content='tesseract 3.04.00' />
  <meta name='ocr-capabilities' content='ocr_page ocr_carea ocr_par ocr_line ocrx_word'/>
</head>
<body>
  <div class='ocr_page' id='page_1' title='image "./analectahymnicam50drevuoft/analectahymnicam50drevuoft_0605.png"; bbox 0 0 1785 3111; ppageno 0'>
   <div class='ocr_carea' id='block_1_1' title="bbox 714 61 1025 102">
    <p class='ocr_par' dir='ltr' id='par_1_1' title="bbox 714 61 1025 102">
     <span class='ocr_line' id='line_1_1' title="bbox 714 61 1025 102; baseline -0.003 0"><span class='ocrx_word' id='word_1_1' title='bbox 714 61 1025 102; x_wconf 73' lang='lat'>—579—</span> 
     </span>
    </p>
   </div>
   <div class='ocr_carea' id='block_1_2' title="bbox 173 176 714 280">
    <p class='ocr_par' dir='ltr' id='par_1_2' title="bbox 173 176 714 280">
     <span class='ocr_line' id='line_1_2' title="bbox 173 176 614 224; baseline -0.005 -10"><span class='ocrx_word' id='word_1_2' title='bbox 173 176 226 215; x_wconf 91' lang='lat' dir='ltr'>Ut</span> <span class='ocrx_word' id='word_1_3' title='bbox 256 180 437 214; x_wconf 85' lang='lat' dir='ltr'>exorante</span> <span class='ocrx_word' id='word_1_4' title='bbox 468 176 614 224; x_wconf 88' lang='lat' dir='ltr'>virgine</span> 
     </span>
     <span class='ocr_line' id='line_1_3' title="bbox 176 232 714 280; baseline -0.004 -9"><span class='ocrx_word' id='word_1_5' title='bbox 176 233 249 271; x_wconf 91' lang='lat' dir='ltr'>Pro</span> <span class='ocrx_word' id='word_1_6' title='bbox 279 233 388 271; x_wconf 92' lang='lat' dir='ltr'>nobis</span> <span class='ocrx_word' id='word_1_7' title='bbox 418 237 456 270; x_wconf 92' lang='lat' dir='ltr'>te</span> <span class='ocrx_word' id='word_1_8' title='bbox 487 232 714 280; x_wconf 88' lang='lat' dir='ltr'>suppliciter</span> 
     </span>
    </p>
   </div>
   <div class='ocr_carea' id='block_1_3' title="bbox 909 174 1484 278">
    <p class='ocr_par' dir='ltr' id='par_1_3' title="bbox 909 174 1484 278">
     <span class='ocr_line' id='line_1_4' title="bbox 909 174 1484 222; baseline -0.003 -9"><span class='ocrx_word' id='word_1_9' title='bbox 909 177 962 214; x_wconf 86' lang='lat'>45</span> <span class='ocrx_word' id='word_1_10' title='bbox 993 176 1029 213; x_wconf 87' lang='lat' dir='ltr'>A</span> <span class='ocrx_word' id='word_1_11' title='bbox 1060 179 1302 222; x_wconf 87' lang='lat' dir='ltr'>peccatorum</span> <span class='ocrx_word' id='word_1_12' title='bbox 1332 174 1484 212; x_wconf 78' lang='lat' dir='ltr'>turbine</span> 
     </span>
     <span class='ocr_line' id='line_1_5' title="bbox 995 231 1453 278; baseline -0.004 -9"><span class='ocrx_word' id='word_1_13' title='bbox 995 232 1119 270; x_wconf 88' lang='lat' dir='ltr'>Simus</span> <span class='ocrx_word' id='word_1_14' title='bbox 1150 232 1273 269; x_wconf 87' lang='lat' dir='ltr'>securi</span> <span class='ocrx_word' id='word_1_15' title='bbox 1303 231 1453 278; x_wconf 87' lang='lat' dir='ltr'>iugiter.</span> 
     </span>
    </p>
   </div>
   <div class='ocr_carea' id='block_1_4' title="bbox 648 377 1099 418">
    <p class='ocr_par' dir='ltr' id='par_1_4' title="bbox 648 377 1099 418">
     <span class='ocr_line' id='line_1_6' title="bbox 648 377 1099 418; baseline 0 -9"><span class='ocrx_word' id='word_1_16' title='bbox 648 378 863 418; x_wconf 79' lang='lat' dir='ltr'>Quartum</span> <span class='ocrx_word' id='word_1_17' title='bbox 895 377 1099 409; x_wconf 84' lang='lat' dir='ltr'>Verbum.</span> 
     </span>
    </p>
   </div>
   <div class='ocr_carea' id='block_1_5' title="bbox 86 459 836 1755">
    <p class='ocr_par' dir='ltr' id='par_1_5' title="bbox 173 459 661 676">
     <span class='ocr_line' id='line_1_7' title="bbox 173 459 614 506; baseline -0.005 -9"><span class='ocrx_word' id='word_1_18' title='bbox 173 461 272 506; x_wconf 89' lang='lat' dir='ltr'>Iesu,</span> <span class='ocrx_word' id='word_1_19' title='bbox 304 459 425 506; x_wconf 87' lang='lat' dir='ltr'>patris</span> <span class='ocrx_word' id='word_1_20' title='bbox 456 459 614 506; x_wconf 87' lang='lat' dir='ltr'>ingeniti</span> 
     </span>
     <span class='ocr_line' id='line_1_8' title="bbox 173 516 606 562; baseline -0.002 -9"><span class='ocrx_word' id='word_1_21' title='bbox 173 516 304 553; x_wconf 86' lang='lat' dir='ltr'><strong>Virtus</strong></span> <span class='ocrx_word' id='word_1_22' title='bbox 336 520 374 553; x_wconf 92' lang='lat' dir='ltr'>et</span> <span class='ocrx_word' id='word_1_23' title='bbox 403 516 606 562; x_wconf 74' lang='lat' dir='ltr'>sapientia,</span> 
     </span>
     <span class='ocr_line' id='line_1_9' title="bbox 174 572 661 623; baseline -0.002 -13"><span class='ocrx_word' id='word_1_24' title='bbox 174 574 272 623; x_wconf 87' lang='lat' dir='ltr'>Iesu,</span> <span class='ocrx_word' id='word_1_25' title='bbox 307 572 486 619; x_wconf 90' lang='lat' dir='ltr'>cuiusque</span> <span class='ocrx_word' id='word_1_26' title='bbox 518 572 661 610; x_wconf 89' lang='lat' dir='ltr'>conditi</span> 
     </span>
     <span class='ocr_line' id='line_1_10' title="bbox 174 629 657 676; baseline -0.002 -10"><span class='ocrx_word' id='word_1_27' title='bbox 174 629 301 667; x_wconf 90' lang='lat' dir='ltr'>Tenor</span> <span class='ocrx_word' id='word_1_28' title='bbox 331 634 367 666; x_wconf 91' lang='lat' dir='ltr'>et</span> <span class='ocrx_word' id='word_1_29' title='bbox 400 629 657 676; x_wconf 85' lang='lat' dir='ltr'>consistentia,</span> 
     </span>
    </p>

    <p class='ocr_par' dir='ltr' id='par_1_6' title="bbox 117 685 767 959">
     <span class='ocr_line' id='line_1_11' title="bbox 117 685 598 725; baseline -0.006 0"><span class='ocrx_word' id='word_1_30' title='bbox 117 690 138 725; x_wconf 84' lang='lat'>5</span> <span class='ocrx_word' id='word_1_31' title='bbox 170 687 227 724; x_wconf 88' lang='lat' dir='ltr'>Tu</span> <span class='ocrx_word' id='word_1_32' title='bbox 257 686 398 723; x_wconf 88' lang='lat' dir='ltr'>virtute</span> <span class='ocrx_word' id='word_1_33' title='bbox 429 685 598 723; x_wconf 85' lang='lat' dir='ltr'>mirabili</span> 
     </span>
     <span class='ocr_line' id='line_1_12' title="bbox 173 741 767 792; baseline -0.003 -11"><span class='ocrx_word' id='word_1_34' title='bbox 173 743 331 781; x_wconf 85' lang='lat' dir='ltr'>Stellam</span> <span class='ocrx_word' id='word_1_35' title='bbox 361 741 487 780; x_wconf 89' lang='lat' dir='ltr'>infans</span> <span class='ocrx_word' id='word_1_36' title='bbox 518 742 767 792; x_wconf 82' lang='lat' dir='ltr'>produxeras,</span> 
     </span>
     <span class='ocr_line' id='line_1_13' title="bbox 173 799 623 837; baseline -0.004 0"><span class='ocrx_word' id='word_1_37' title='bbox 173 800 231 837; x_wconf 88' lang='lat' dir='ltr'>Tu</span> <span class='ocrx_word' id='word_1_38' title='bbox 261 801 402 837; x_wconf 89' lang='lat' dir='ltr'>virtute</span> <span class='ocrx_word' id='word_1_39' title='bbox 437 799 623 836; x_wconf 87' lang='lat' dir='ltr'>consimili</span> 
     </span>
     <span class='ocr_line' id='line_1_14' title="bbox 176 856 666 905; baseline -0.006 -10"><span class='ocrx_word' id='word_1_40' title='bbox 176 857 298 895; x_wconf 89' lang='lat' dir='ltr'>Panes</span> <span class='ocrx_word' id='word_1_41' title='bbox 328 856 666 905; x_wconf 77' lang='lat' dir='ltr'>multiplicaveras‚</span> 
     </span>
     <span class='ocr_line' id='line_1_15' title="bbox 171 913 738 959; baseline -0.002 -9"><span class='ocrx_word' id='word_1_42' title='bbox 171 913 330 950; x_wconf 86' lang='lat' dir='ltr'>Morbos</span> <span class='ocrx_word' id='word_1_43' title='bbox 361 923 490 950; x_wconf 90' lang='lat' dir='ltr'>omnes</span> <span class='ocrx_word' id='word_1_44' title='bbox 521 922 738 959; x_wconf 83' lang='lat' dir='ltr'>sanaveras,</span> 
     </span>
    </p>

    <p class='ocr_par' dir='ltr' id='par_1_7' title="bbox 88 968 745 1242">
     <span class='ocr_line' id='line_1_16' title="bbox 88 968 681 1018; baseline -0.005 -10"><span class='ocrx_word' id='word_1_45' title='bbox 88 969 140 1008; x_wconf 88' lang='grc'>10</span> <span class='ocrx_word' id='word_1_46' title='bbox 172 968 384 1007; x_wconf 85' lang='lat' dir='ltr'>Defunctos</span> <span class='ocrx_word' id='word_1_47' title='bbox 415 969 681 1018; x_wconf 87' lang='lat' dir='ltr'>suscitaveras,</span> 
     </span>
     <span class='ocr_line' id='line_1_17' title="bbox 167 1024 609 1074; baseline -0.005 -9"><span class='ocrx_word' id='word_1_48' title='bbox 167 1027 292 1073; x_wconf 84' lang='lat' dir='ltr'>Opera</span> <span class='ocrx_word' id='word_1_49' title='bbox 323 1026 419 1063; x_wconf 89' lang='lat' dir='ltr'>mira</span> <span class='ocrx_word' id='word_1_50' title='bbox 449 1024 609 1074; x_wconf 77' lang='lat' dir='ltr'>feceras,</span> 
     </span>
     <span class='ocr_line' id='line_1_18' title="bbox 171 1082 745 1132; baseline -0.003 -11"><span class='ocrx_word' id='word_1_51' title='bbox 171 1083 307 1121; x_wconf 91' lang='lat' dir='ltr'>Totum</span> <span class='ocrx_word' id='word_1_52' title='bbox 338 1082 468 1120; x_wconf 91' lang='lat' dir='ltr'>orbem</span> <span class='ocrx_word' id='word_1_53' title='bbox 500 1082 745 1132; x_wconf 81' lang='lat' dir='ltr'>formaveras,</span> 
     </span>
     <span class='ocr_line' id='line_1_19' title="bbox 169 1139 594 1177; baseline -0.002 0"><span class='ocrx_word' id='word_1_54' title='bbox 169 1140 227 1177; x_wconf 90' lang='lat' dir='ltr'>Tu</span> <span class='ocrx_word' id='word_1_55' title='bbox 257 1139 399 1177; x_wconf 82' lang='lat' dir='ltr'>virtute</span> <span class='ocrx_word' id='word_1_56' title='bbox 430 1139 594 1177; x_wconf 86' lang='lat' dir='ltr'>terribili</span> 
     </span>
     <span class='ocr_line' id='line_1_20' title="bbox 169 1196 590 1242; baseline -0.002 -8"><span class='ocrx_word' id='word_1_57' title='bbox 169 1196 379 1234; x_wconf 90' lang='lat' dir='ltr'>Daemonia</span> <span class='ocrx_word' id='word_1_58' title='bbox 410 1197 590 1242; x_wconf 89' lang='lat' dir='ltr'>eieceras,</span> 
     </span>
    </p>

    <p class='ocr_par' dir='ltr' id='par_1_8' title="bbox 86 1252 737 1527">
     <span class='ocr_line' id='line_1_21' title="bbox 86 1252 620 1292; baseline -0.006 0"><span class='ocrx_word' id='word_1_59' title='bbox 86 1254 137 1292; x_wconf 87' lang='grc'>15</span> <span class='ocrx_word' id='word_1_60' title='bbox 170 1254 229 1291; x_wconf 91' lang='lat' dir='ltr'>Tu</span> <span class='ocrx_word' id='word_1_61' title='bbox 260 1254 401 1291; x_wconf 87' lang='lat' dir='ltr'>virtute</span> <span class='ocrx_word' id='word_1_62' title='bbox 434 1252 620 1291; x_wconf 90' lang='lat' dir='ltr'>consimili</span> 
     </span>
     <span class='ocr_line' id='line_1_22' title="bbox 170 1310 737 1357; baseline -0.002 -10"><span class='ocrx_word' id='word_1_63' title='bbox 170 1310 311 1347; x_wconf 87' lang='lat' dir='ltr'>Hostes</span> <span class='ocrx_word' id='word_1_64' title='bbox 343 1314 426 1347; x_wconf 90' lang='lat' dir='ltr'>tuos</span> <span class='ocrx_word' id='word_1_65' title='bbox 457 1314 737 1357; x_wconf 85' lang='lat' dir='ltr'>prostraveras,</span> 
     </span>
     <span class='ocr_line' id='line_1_23' title="bbox 175 1365 639 1414; baseline -0.006 -8"><span class='ocrx_word' id='word_1_66' title='bbox 175 1367 250 1406; x_wconf 89' lang='lat' dir='ltr'>Sed</span> <span class='ocrx_word' id='word_1_67' title='bbox 285 1365 423 1405; x_wconf 86' lang='lat' dir='ltr'>affixus</span> <span class='ocrx_word' id='word_1_68' title='bbox 454 1366 639 1414; x_wconf 87' lang='lat' dir='ltr'>patibulo,</span> 
     </span>
     <span class='ocr_line' id='line_1_24' title="bbox 171 1422 684 1470; baseline -0.004 -8"><span class='ocrx_word' id='word_1_69' title='bbox 171 1423 277 1462; x_wconf 89' lang='lat' dir='ltr'>Patri</span> <span class='ocrx_word' id='word_1_70' title='bbox 311 1422 434 1461; x_wconf 89' lang='lat' dir='ltr'>factus</span> <span class='ocrx_word' id='word_1_71' title='bbox 465 1423 684 1470; x_wconf 85' lang='lat' dir='ltr'>oboediens,</span> 
     </span>
     <span class='ocr_line' id='line_1_25' title="bbox 173 1480 685 1527; baseline -0.004 -9"><span class='ocrx_word' id='word_1_72' title='bbox 173 1482 282 1519; x_wconf 90' lang='lat' dir='ltr'>Iussu</span> <span class='ocrx_word' id='word_1_73' title='bbox 312 1481 433 1527; x_wconf 84' lang='lat' dir='ltr'>patris</span> <span class='ocrx_word' id='word_1_74' title='bbox 464 1480 503 1518; x_wconf 92' lang='lat' dir='ltr'>in</span> <span class='ocrx_word' id='word_1_75' title='bbox 535 1480 685 1517; x_wconf 86' lang='lat' dir='ltr'>vinculo</span> 
     </span>
    </p>

    <p class='ocr_par' dir='ltr' id='par_1_9' title="bbox 89 1537 836 1755">
     <span class='ocr_line' id='line_1_26' title="bbox 89 1537 777 1586; baseline -0.003 -11"><span class='ocrx_word' id='word_1_76' title='bbox 89 1538 138 1575; x_wconf 84' lang='lat'>20</span> <span class='ocrx_word' id='word_1_77' title='bbox 172 1537 330 1574; x_wconf 88' lang='lat' dir='ltr'>Vinctus</span> <span class='ocrx_word' id='word_1_78' title='bbox 361 1547 516 1574; x_wconf 90' lang='lat' dir='ltr'>manens</span> <span class='ocrx_word' id='word_1_79' title='bbox 549 1541 585 1574; x_wconf 89' lang='lat' dir='ltr'>et</span> <span class='ocrx_word' id='word_1_80' title='bbox 615 1537 777 1586; x_wconf 86' lang='lat' dir='ltr'>patiens,</span> 
     </span>
     <span class='ocr_line' id='line_1_27' title="bbox 169 1593 836 1641; baseline -0.001 -10"><span class='ocrx_word' id='word_1_81' title='bbox 169 1594 240 1640; x_wconf 81' lang='lat' dir='ltr'>Qui</span> <span class='ocrx_word' id='word_1_82' title='bbox 262 1594 354 1641; x_wconf 89' lang='lat' dir='ltr'>vult,</span> <span class='ocrx_word' id='word_1_83' title='bbox 383 1594 483 1641; x_wconf 89' lang='lat' dir='ltr'>quod</span> <span class='ocrx_word' id='word_1_84' title='bbox 505 1593 602 1632; x_wconf 86' lang='lat' dir='ltr'>hanc</span> <span class='ocrx_word' id='word_1_85' title='bbox 624 1594 836 1641; x_wconf 85' lang='lat' dir='ltr'>angustiam</span> 
     </span>
     <span class='ocr_line' id='line_1_28' title="bbox 166 1650 640 1690; baseline -0.004 -1"><span class='ocrx_word' id='word_1_86' title='bbox 166 1651 221 1690; x_wconf 86' lang='lat' dir='ltr'>Ut</span> <span class='ocrx_word' id='word_1_87' title='bbox 250 1650 421 1688; x_wconf 90' lang='lat' dir='ltr'>infirmus</span> <span class='ocrx_word' id='word_1_88' title='bbox 453 1651 640 1688; x_wconf 86' lang='lat' dir='ltr'>sustineas</span> 
     </span>
     <span class='ocr_line' id='line_1_29' title="bbox 169 1707 690 1755; baseline -0.002 -10"><span class='ocrx_word' id='word_1_89' title='bbox 169 1708 251 1745; x_wconf 87' lang='lat' dir='ltr'>Nec</span> <span class='ocrx_word' id='word_1_90' title='bbox 283 1708 448 1745; x_wconf 89' lang='lat' dir='ltr'>divinam</span> <span class='ocrx_word' id='word_1_91' title='bbox 480 1707 690 1755; x_wconf 88' lang='lat' dir='ltr'>potentiam</span> 
     </span>
    </p>
   </div>
   <div class='ocr_carea' id='block_1_6' title="bbox 910 457 1658 1755">
    <p class='ocr_par' dir='ltr' id='par_1_10' title="bbox 997 457 1479 505">
     <span class='ocr_line' id='line_1_30' title="bbox 997 457 1479 505; baseline -0.002 -10"><span class='ocrx_word' id='word_1_92' title='bbox 997 459 1051 495; x_wconf 90' lang='lat' dir='ltr'>Te</span> <span class='ocrx_word' id='word_1_93' title='bbox 1082 457 1248 495; x_wconf 86' lang='lat' dir='ltr'>liberans</span> <span class='ocrx_word' id='word_1_94' title='bbox 1279 468 1479 505; x_wconf 67' lang='lat' dir='ltr'>exerceas,</span> 
     </span>
    </p>

    <p class='ocr_par' dir='ltr' id='par_1_11' title="bbox 913 514 1592 722">
     <span class='ocr_line' id='line_1_31' title="bbox 913 514 1487 562; baseline -0.005 -8"><span class='ocrx_word' id='word_1_95' title='bbox 913 514 963 554; x_wconf 74' lang='lat'>25</span> <span class='ocrx_word' id='word_1_96' title='bbox 998 516 1238 562; x_wconf 85' lang='lat' dir='ltr'>Quapropter</span> <span class='ocrx_word' id='word_1_97' title='bbox 1269 520 1332 551; x_wconf 92' lang='lat' dir='ltr'>tuo</span> <span class='ocrx_word' id='word_1_98' title='bbox 1364 515 1487 552; x_wconf 90' lang='lat' dir='ltr'>sensui</span> 
     </span>
     <span class='ocr_line' id='line_1_32' title="bbox 999 572 1481 617; baseline -0.006 -7"><span class='ocrx_word' id='word_1_99' title='bbox 999 572 1213 610; x_wconf 88' lang='lat' dir='ltr'>Condolens</span> <span class='ocrx_word' id='word_1_100' title='bbox 1244 572 1481 617; x_wconf 70' lang='lat' dir='ltr'>naturaliter,</span> 
     </span>
     <span class='ocr_line' id='line_1_33' title="bbox 997 625 1592 675; baseline 0.002 -11"><span class='ocrx_word' id='word_1_101' title='bbox 997 625 1210 665; x_wconf 89' lang='lat' dir='ltr'>Clamorem</span> <span class='ocrx_word' id='word_1_102' title='bbox 1242 628 1392 665; x_wconf 84' lang='lat' dir='ltr'>confers</span> <span class='ocrx_word' id='word_1_103' title='bbox 1423 629 1592 675; x_wconf 88' lang='lat' dir='ltr'>planctui</span> 
     </span>
     <span class='ocr_line' id='line_1_34' title="bbox 997 685 1485 722; baseline -0.002 0"><span class='ocrx_word' id='word_1_104' title='bbox 997 685 1138 722; x_wconf 91' lang='lat' dir='ltr'>Dicens</span> <span class='ocrx_word' id='word_1_105' title='bbox 1169 685 1485 722; x_wconf 85' lang='lat' dir='ltr'>lamentabiliter:</span> 
     </span>
    </p>

    <p class='ocr_par' dir='ltr' id='par_1_12' title="bbox 993 741 1658 1120">
     <span class='ocr_line' id='line_1_35' title="bbox 993 741 1620 790; baseline -0.002 -12"><span class='ocrx_word' id='word_1_106' title='bbox 993 741 1096 790; x_wconf 78' lang='lat' dir='ltr'>Heli,</span> <span class='ocrx_word' id='word_1_107' title='bbox 1129 741 1233 786; x_wconf 63' lang='lat' dir='ltr'>Heli,</span> <span class='ocrx_word' id='word_1_108' title='bbox 1267 741 1375 779; x_wconf 72' lang='lat' dir='ltr'>Cama</span> <span class='ocrx_word' id='word_1_109' title='bbox 1404 742 1620 788; x_wconf 75' lang='lat' dir='ltr'>sabactani,</span> 
     </span>
     <span class='ocr_line' id='line_1_36' title="bbox 993 797 1658 843; baseline 0 -8"><span class='ocrx_word' id='word_1_110' title='bbox 993 797 1063 835; x_wconf 80' lang='lat' dir='ltr'>hoc</span> <span class='ocrx_word' id='word_1_111' title='bbox 1073 800 1128 835; x_wconf 77' lang='lat' dir='ltr'>est</span> <span class='ocrx_word' id='word_1_112' title='bbox 1140 809 1151 836; x_wconf 95' lang='grc'>.·</span> <span class='ocrx_word' id='word_1_113' title='bbox 1168 798 1276 835; x_wconf 78' lang='lat' dir='ltr'>Deus</span> <span class='ocrx_word' id='word_1_114' title='bbox 1287 809 1407 843; x_wconf 76' lang='lat' dir='ltr'>meus,</span> <span class='ocrx_word' id='word_1_115' title='bbox 1419 798 1528 835; x_wconf 77' lang='lat' dir='ltr'>Deus</span> <span class='ocrx_word' id='word_1_116' title='bbox 1539 809 1658 843; x_wconf 78' lang='lat' dir='ltr'>meus,</span> 
     </span>
     <span class='ocr_line' id='line_1_37' title="bbox 994 854 1547 901; baseline 0 -9"><span class='ocrx_word' id='word_1_117' title='bbox 994 856 1035 892; x_wconf 76' lang='lat' dir='ltr'>ut</span> <span class='ocrx_word' id='word_1_118' title='bbox 1066 854 1160 901; x_wconf 73' lang='lat' dir='ltr'>quid</span> <span class='ocrx_word' id='word_1_119' title='bbox 1190 854 1426 901; x_wconf 76' lang='lat' dir='ltr'>dereliquisti</span> <span class='ocrx_word' id='word_1_120' title='bbox 1458 855 1547 892; x_wconf 73' lang='lat' dir='ltr'>me?</span> 
     </span>
     <span class='ocr_line' id='line_1_38' title="bbox 1135 964 1440 987; baseline 0 0"><span class='ocrx_word' id='word_1_121' title='bbox 1135 964 1156 987; x_wconf 61' lang='lat'>³¹&lt;</span> <span class='ocrx_word' id='word_1_122' title='bbox 1419 964 1440 987; x_wconf 80' lang='grc'><strong>*</strong></span> 
     </span>
     <span class='ocr_line' id='line_1_39' title="bbox 1276 996 1298 1020; baseline 0 -4"><span class='ocrx_word' id='word_1_123' title='bbox 1276 996 1298 1020; x_wconf 81' lang='lat'><em>*</em></span> 
     </span>
     <span class='ocr_line' id='line_1_40' title="bbox 995 1082 1466 1120; baseline -0.002 -1"><span class='ocrx_word' id='word_1_124' title='bbox 995 1082 1024 1120; x_wconf 95' lang='lat' dir='ltr'>O</span> <span class='ocrx_word' id='word_1_125' title='bbox 1055 1082 1261 1119; x_wconf 86' lang='lat' dir='ltr'>lamentum</span> <span class='ocrx_word' id='word_1_126' title='bbox 1292 1082 1466 1119; x_wconf 89' lang='lat' dir='ltr'>mirabile</span> 
     </span>
    </p>

    <p class='ocr_par' dir='ltr' id='par_1_13' title="bbox 910 1139 1547 1186">
     <span class='ocr_line' id='line_1_41' title="bbox 910 1139 1547 1186; baseline -0.002 -9"><span class='ocrx_word' id='word_1_127' title='bbox 910 1141 961 1178; x_wconf 80' lang='lat'>30</span> <span class='ocrx_word' id='word_1_128' title='bbox 996 1139 1162 1177; x_wconf 85' lang='lat' dir='ltr'>Salutem</span> <span class='ocrx_word' id='word_1_129' title='bbox 1193 1150 1308 1186; x_wconf 90' lang='lat' dir='ltr'>agens</span> <span class='ocrx_word' id='word_1_130' title='bbox 1339 1139 1547 1184; x_wconf 84' lang='lat' dir='ltr'>hominum,</span> 
     </span>
    </p>

    <p class='ocr_par' dir='ltr' id='par_1_14' title="bbox 994 1196 1655 1415">
     <span class='ocr_line' id='line_1_42' title="bbox 995 1196 1502 1234; baseline -0.002 0"><span class='ocrx_word' id='word_1_131' title='bbox 995 1196 1024 1234; x_wconf 95' lang='grc' dir='ltr'>Ο</span> <span class='ocrx_word' id='word_1_132' title='bbox 1055 1196 1234 1233; x_wconf 87' lang='lat' dir='ltr'>innocens</span> <span class='ocrx_word' id='word_1_133' title='bbox 1267 1207 1331 1233; x_wconf 92' lang='lat' dir='ltr'>cor</span> <span class='ocrx_word' id='word_1_134' title='bbox 1362 1196 1502 1234; x_wconf 88' lang='lat' dir='ltr'>humile</span> 
     </span>
     <span class='ocr_line' id='line_1_43' title="bbox 995 1253 1655 1300; baseline -0.002 -11"><span class='ocrx_word' id='word_1_135' title='bbox 995 1253 1141 1290; x_wconf 88' lang='lat' dir='ltr'>Poenas</span> <span class='ocrx_word' id='word_1_136' title='bbox 1191 1253 1393 1300; x_wconf 89' lang='lat' dir='ltr'>deplorans</span> <span class='ocrx_word' id='word_1_137' title='bbox 1439 1253 1655 1290; x_wconf 85' lang='lat' dir='ltr'>criminum!</span> 
     </span>
     <span class='ocr_line' id='line_1_44' title="bbox 994 1308 1576 1359; baseline 0 -13"><span class='ocrx_word' id='word_1_138' title='bbox 994 1310 1057 1347; x_wconf 91' lang='lat' dir='ltr'>Ad</span> <span class='ocrx_word' id='word_1_139' title='bbox 1088 1314 1126 1346; x_wconf 93' lang='lat' dir='ltr'>te</span> <span class='ocrx_word' id='word_1_140' title='bbox 1156 1320 1215 1346; x_wconf 90' lang='lat' dir='ltr'>me</span> <span class='ocrx_word' id='word_1_141' title='bbox 1246 1308 1322 1347; x_wconf 87' lang='lat' dir='ltr'>fert</span> <span class='ocrx_word' id='word_1_142' title='bbox 1354 1310 1576 1359; x_wconf 88' lang='lat' dir='ltr'>compassio,</span> 
     </span>
     <span class='ocr_line' id='line_1_45' title="bbox 995 1366 1515 1415; baseline 0 -12"><span class='ocrx_word' id='word_1_143' title='bbox 995 1366 1049 1403; x_wconf 89' lang='lat' dir='ltr'>Te</span> <span class='ocrx_word' id='word_1_144' title='bbox 1079 1377 1149 1413; x_wconf 90' lang='lat' dir='ltr'>pro</span> <span class='ocrx_word' id='word_1_145' title='bbox 1180 1378 1238 1403; x_wconf 91' lang='lat' dir='ltr'>me</span> <span class='ocrx_word' id='word_1_146' title='bbox 1271 1368 1349 1413; x_wconf 86' lang='lat' dir='ltr'>pati</span> <span class='ocrx_word' id='word_1_147' title='bbox 1381 1367 1515 1415; x_wconf 91' lang='lat' dir='ltr'>sentio,</span> 
     </span>
    </p>

    <p class='ocr_par' dir='ltr' id='par_1_15' title="bbox 911 1423 1524 1642">
     <span class='ocr_line' id='line_1_46' title="bbox 911 1423 1429 1470; baseline -0.004 -8"><span class='ocrx_word' id='word_1_148' title='bbox 911 1425 962 1462; x_wconf 81' lang='lat'>35</span> <span class='ocrx_word' id='word_1_149' title='bbox 996 1423 1097 1460; x_wconf 84' lang='lat' dir='ltr'>Ante</span> <span class='ocrx_word' id='word_1_150' title='bbox 1128 1429 1164 1460; x_wconf 91' lang='lat' dir='ltr'>te</span> <span class='ocrx_word' id='word_1_151' title='bbox 1195 1435 1255 1460; x_wconf 91' lang='lat' dir='ltr'>me</span> <span class='ocrx_word' id='word_1_152' title='bbox 1286 1424 1429 1470; x_wconf 92' lang='lat' dir='ltr'>proicio</span> 
     </span>
     <span class='ocr_line' id='line_1_47' title="bbox 996 1479 1524 1527; baseline 0.004 -11"><span class='ocrx_word' id='word_1_153' title='bbox 996 1480 1210 1527; x_wconf 87' lang='lat' dir='ltr'>Tecumque</span> <span class='ocrx_word' id='word_1_154' title='bbox 1240 1481 1382 1518; x_wconf 85' lang='lat' dir='ltr'>luctum</span> <span class='ocrx_word' id='word_1_155' title='bbox 1414 1479 1524 1518; x_wconf 86' lang='lat' dir='ltr'>facio.</span> 
     </span>
     <span class='ocr_line' id='line_1_48' title="bbox 995 1536 1484 1574; baseline 0 0"><span class='ocrx_word' id='word_1_156' title='bbox 995 1536 1093 1574; x_wconf 83' lang='lat' dir='ltr'>Nam</span> <span class='ocrx_word' id='word_1_157' title='bbox 1124 1537 1195 1574; x_wconf 89' lang='lat' dir='ltr'>iste</span> <span class='ocrx_word' id='word_1_158' title='bbox 1226 1538 1349 1574; x_wconf 90' lang='lat' dir='ltr'>luctus</span> <span class='ocrx_word' id='word_1_159' title='bbox 1379 1537 1484 1574; x_wconf 88' lang='lat' dir='ltr'>utilis</span> 
     </span>
     <span class='ocr_line' id='line_1_49' title="bbox 991 1593 1467 1642; baseline 0.002 -12"><span class='ocrx_word' id='word_1_160' title='bbox 991 1593 1062 1631; x_wconf 87' lang='lat' dir='ltr'>Est</span> <span class='ocrx_word' id='word_1_161' title='bbox 1093 1594 1185 1630; x_wconf 90' lang='lat' dir='ltr'>mihi</span> <span class='ocrx_word' id='word_1_162' title='bbox 1214 1605 1284 1641; x_wconf 83' lang='lat' dir='ltr'>pro</span> <span class='ocrx_word' id='word_1_163' title='bbox 1315 1594 1467 1642; x_wconf 73' lang='lat' dir='ltr'>solacio,</span> 
     </span>
    </p>

    <p class='ocr_par' dir='ltr' id='par_1_16' title="bbox 992 1651 1476 1697">
     <span class='ocr_line' id='line_1_50' title="bbox 992 1651 1476 1697; baseline 0.004 -11"><span class='ocrx_word' id='word_1_164' title='bbox 992 1651 1062 1697; x_wconf 75' lang='lat' dir='ltr'>Qui</span> <span class='ocrx_word' id='word_1_165' title='bbox 1094 1651 1185 1687; x_wconf 90' lang='lat' dir='ltr'>mihi</span> <span class='ocrx_word' id='word_1_166' title='bbox 1216 1651 1476 1697; x_wconf 84' lang='lat' dir='ltr'>praemiabilis</span> 
     </span>
    </p>

    <p class='ocr_par' dir='ltr' id='par_1_17' title="bbox 910 1707 1490 1755">
     <span class='ocr_line' id='line_1_51' title="bbox 910 1707 1490 1755; baseline 0 -10"><span class='ocrx_word' id='word_1_167' title='bbox 910 1709 962 1746; x_wconf 82' lang='lat'>40</span> <span class='ocrx_word' id='word_1_168' title='bbox 996 1707 1053 1744; x_wconf 89' lang='lat' dir='ltr'>Sit</span> <span class='ocrx_word' id='word_1_169' title='bbox 1082 1707 1121 1744; x_wconf 92' lang='lat' dir='ltr'>in</span> <span class='ocrx_word' id='word_1_170' title='bbox 1152 1712 1307 1745; x_wconf 85' lang='lat' dir='ltr'>aeterno</span> <span class='ocrx_word' id='word_1_171' title='bbox 1339 1708 1490 1755; x_wconf 86' lang='lat' dir='ltr'>gaudio.</span> 
     </span>
    </p>
   </div>
   <div class='ocr_carea' id='block_1_7' title="bbox 644 1853 1097 1892">
    <p class='ocr_par' dir='ltr' id='par_1_18' title="bbox 644 1853 1097 1892">
     <span class='ocr_line' id='line_1_52' title="bbox 644 1853 1097 1892; baseline 0.002 -8"><span class='ocrx_word' id='word_1_172' title='bbox 644 1853 863 1892; x_wconf 80' lang='lat' dir='ltr'>Quintum</span> <span class='ocrx_word' id='word_1_173' title='bbox 895 1854 1097 1885; x_wconf 86' lang='lat' dir='ltr'>Verbum.</span> 
     </span>
    </p>
   </div>
   <div class='ocr_carea' id='block_1_8' title="bbox 88 1935 837 2831">
    <p class='ocr_par' dir='ltr' id='par_1_19' title="bbox 171 1935 650 2153">
     <span class='ocr_line' id='line_1_53' title="bbox 171 1935 650 1983; baseline 0.002 -12"><span class='ocrx_word' id='word_1_174' title='bbox 171 1936 272 1983; x_wconf 83' lang='lat' dir='ltr'>Iesu,</span> <span class='ocrx_word' id='word_1_175' title='bbox 305 1935 427 1972; x_wconf 86' lang='lat' dir='ltr'>dulcis</span> <span class='ocrx_word' id='word_1_176' title='bbox 457 1935 650 1981; x_wconf 75' lang='lat' dir='ltr'>memoria,</span> 
     </span>
     <span class='ocr_line' id='line_1_54' title="bbox 172 1991 576 2039; baseline -0.002 -10"><span class='ocrx_word' id='word_1_177' title='bbox 172 1991 376 2029; x_wconf 87' lang='lat' dir='ltr'>Sitibunda</span> <span class='ocrx_word' id='word_1_178' title='bbox 409 1991 576 2039; x_wconf 88' lang='lat' dir='ltr'>dilectio,</span> 
     </span>
     <span class='ocr_line' id='line_1_55' title="bbox 171 2047 610 2098; baseline 0 -13"><span class='ocrx_word' id='word_1_179' title='bbox 171 2049 271 2094; x_wconf 86' lang='lat' dir='ltr'>Iesu,</span> <span class='ocrx_word' id='word_1_180' title='bbox 306 2048 427 2085; x_wconf 88' lang='lat' dir='ltr'>dulcis</span> <span class='ocrx_word' id='word_1_181' title='bbox 458 2047 610 2098; x_wconf 87' lang='lat' dir='ltr'>fiducia,</span> 
     </span>
     <span class='ocr_line' id='line_1_56' title="bbox 172 2103 625 2153; baseline -0.002 -11"><span class='ocrx_word' id='word_1_182' title='bbox 172 2104 423 2143; x_wconf 85' lang='lat' dir='ltr'>Laetabunda</span> <span class='ocrx_word' id='word_1_183' title='bbox 453 2103 625 2153; x_wconf 85' lang='lat' dir='ltr'>refectio,</span> 
     </span>
    </p>

    <p class='ocr_par' dir='ltr' id='par_1_20' title="bbox 117 2161 761 2426">
     <span class='ocr_line' id='line_1_57' title="bbox 117 2161 714 2199; baseline -0.002 0"><span class='ocrx_word' id='word_1_184' title='bbox 117 2164 139 2199; x_wconf 87' lang='lat'>5</span> <span class='ocrx_word' id='word_1_185' title='bbox 171 2161 272 2199; x_wconf 89' lang='lat' dir='ltr'>Dum</span> <span class='ocrx_word' id='word_1_186' title='bbox 303 2166 480 2198; x_wconf 86' lang='lat' dir='ltr'>extensus</span> <span class='ocrx_word' id='word_1_187' title='bbox 512 2162 714 2199; x_wconf 85' lang='lat' dir='ltr'>exsisteres</span> 
     </span>
     <span class='ocr_line' id='line_1_58' title="bbox 173 2218 635 2266; baseline 0 -11"><span class='ocrx_word' id='word_1_188' title='bbox 173 2218 296 2265; x_wconf 88' lang='lat' dir='ltr'>Super</span> <span class='ocrx_word' id='word_1_189' title='bbox 325 2229 429 2256; x_wconf 91' lang='lat' dir='ltr'>oram</span> <span class='ocrx_word' id='word_1_190' title='bbox 460 2218 635 2266; x_wconf 81' lang='lat' dir='ltr'>patibuli,</span> 
     </span>
     <span class='ocr_line' id='line_1_59' title="bbox 170 2275 680 2322; baseline -0.004 -9"><span class='ocrx_word' id='word_1_191' title='bbox 170 2275 270 2313; x_wconf 90' lang='lat' dir='ltr'>Dum</span> <span class='ocrx_word' id='word_1_192' title='bbox 303 2275 518 2313; x_wconf 86' lang='lat' dir='ltr'>immolatus</span> <span class='ocrx_word' id='word_1_193' title='bbox 549 2285 680 2322; x_wconf 84' lang='lat' dir='ltr'>ageres</span> 
     </span>
     <span class='ocr_line' id='line_1_60' title="bbox 173 2331 664 2379; baseline -0.002 -11"><span class='ocrx_word' id='word_1_194' title='bbox 173 2331 490 2378; x_wconf 91' lang='lat' dir='ltr'>Redemptionem</span> <span class='ocrx_word' id='word_1_195' title='bbox 521 2331 664 2379; x_wconf 87' lang='lat' dir='ltr'>populi,</span> 
     </span>
     <span class='ocr_line' id='line_1_61' title="bbox 173 2388 761 2426; baseline -0.002 -1"><span class='ocrx_word' id='word_1_196' title='bbox 173 2388 274 2425; x_wconf 88' lang='lat' dir='ltr'>Dum</span> <span class='ocrx_word' id='word_1_197' title='bbox 305 2388 510 2425; x_wconf 86' lang='lat' dir='ltr'>lamentum</span> <span class='ocrx_word' id='word_1_198' title='bbox 542 2388 761 2426; x_wconf 84' lang='lat' dir='ltr'>ostenderet</span> 
     </span>
    </p>

    <p class='ocr_par' dir='ltr' id='par_1_21' title="bbox 88 2444 755 2719">
     <span class='ocr_line' id='line_1_62' title="bbox 88 2444 702 2492; baseline -0.007 -8"><span class='ocrx_word' id='word_1_199' title='bbox 88 2446 139 2484; x_wconf 91' lang='grc'>10</span> <span class='ocrx_word' id='word_1_200' title='bbox 173 2444 296 2491; x_wconf 87' lang='lat' dir='ltr'>Super</span> <span class='ocrx_word' id='word_1_201' title='bbox 324 2448 362 2481; x_wconf 89' lang='lat' dir='ltr'>te</span> <span class='ocrx_word' id='word_1_202' title='bbox 393 2445 516 2481; x_wconf 79' lang='lat' dir='ltr'>vultus</span> <span class='ocrx_word' id='word_1_203' title='bbox 549 2444 702 2492; x_wconf 86' lang='lat' dir='ltr'>saeculi,</span> 
     </span>
     <span class='ocr_line' id='line_1_63' title="bbox 171 2501 732 2548; baseline -0.004 -9"><span class='ocrx_word' id='word_1_204' title='bbox 171 2501 271 2539; x_wconf 92' lang='lat' dir='ltr'>Dum</span> <span class='ocrx_word' id='word_1_205' title='bbox 301 2505 340 2538; x_wconf 90' lang='lat' dir='ltr'>te</span> <span class='ocrx_word' id='word_1_206' title='bbox 369 2501 512 2538; x_wconf 87' lang='lat' dir='ltr'>nudum</span> <span class='ocrx_word' id='word_1_207' title='bbox 544 2501 732 2548; x_wconf 87' lang='lat' dir='ltr'>aspiceret</span> 
     </span>
     <span class='ocr_line' id='line_1_64' title="bbox 170 2557 743 2604; baseline -0.003 -8"><span class='ocrx_word' id='word_1_208' title='bbox 170 2557 340 2596; x_wconf 89' lang='lat' dir='ltr'>Mundus</span> <span class='ocrx_word' id='word_1_209' title='bbox 369 2558 492 2595; x_wconf 87' lang='lat' dir='ltr'>instar</span> <span class='ocrx_word' id='word_1_210' title='bbox 522 2557 743 2604; x_wconf 84' lang='lat' dir='ltr'>spectaculi,</span> 
     </span>
     <span class='ocr_line' id='line_1_65' title="bbox 171 2614 755 2652; baseline -0.002 0"><span class='ocrx_word' id='word_1_211' title='bbox 171 2614 271 2652; x_wconf 92' lang='lat' dir='ltr'>Dum</span> <span class='ocrx_word' id='word_1_212' title='bbox 302 2615 429 2652; x_wconf 90' lang='lat' dir='ltr'>hostes</span> <span class='ocrx_word' id='word_1_213' title='bbox 460 2619 497 2652; x_wconf 87' lang='lat' dir='ltr'>te</span> <span class='ocrx_word' id='word_1_214' title='bbox 530 2614 755 2652; x_wconf 86' lang='lat' dir='ltr'>deluderent</span> 
     </span>
     <span class='ocr_line' id='line_1_66' title="bbox 172 2669 637 2719; baseline 0 -11"><span class='ocrx_word' id='word_1_215' title='bbox 172 2670 224 2708; x_wconf 92' lang='lat' dir='ltr'>Et</span> <span class='ocrx_word' id='word_1_216' title='bbox 254 2671 334 2709; x_wconf 92' lang='lat' dir='ltr'>noti</span> <span class='ocrx_word' id='word_1_217' title='bbox 364 2671 419 2708; x_wconf 91' lang='lat' dir='ltr'>tui</span> <span class='ocrx_word' id='word_1_218' title='bbox 450 2669 637 2719; x_wconf 68' lang='lat' dir='ltr'>fugerent,</span> 
     </span>
    </p>

    <p class='ocr_par' dir='ltr' id='par_1_22' title="bbox 91 2727 837 2831">
     <span class='ocr_line' id='line_1_67' title="bbox 91 2727 837 2765; baseline -0.001 0"><span class='ocrx_word' id='word_1_219' title='bbox 91 2727 141 2765; x_wconf 89' lang='grc'>15</span> <span class='ocrx_word' id='word_1_220' title='bbox 172 2727 273 2765; x_wconf 90' lang='lat' dir='ltr'>Dum</span> <span class='ocrx_word' id='word_1_221' title='bbox 309 2728 406 2765; x_wconf 86' lang='lat' dir='ltr'>clavi</span> <span class='ocrx_word' id='word_1_222' title='bbox 437 2728 607 2765; x_wconf 88' lang='lat' dir='ltr'>membra</span> <span class='ocrx_word' id='word_1_223' title='bbox 637 2728 837 2764; x_wconf 87' lang='lat' dir='ltr'>tenderent</span> 
     </span>
     <span class='ocr_line' id='line_1_68' title="bbox 172 2784 742 2831; baseline 0 -10"><span class='ocrx_word' id='word_1_224' title='bbox 172 2784 224 2821; x_wconf 91' lang='lat' dir='ltr'>Et</span> <span class='ocrx_word' id='word_1_225' title='bbox 252 2785 360 2822; x_wconf 91' lang='lat' dir='ltr'>nervi</span> <span class='ocrx_word' id='word_1_226' title='bbox 391 2795 431 2822; x_wconf 89' lang='lat' dir='ltr'>se</span> <span class='ocrx_word' id='word_1_227' title='bbox 463 2785 742 2831; x_wconf 81' lang='lat' dir='ltr'>contraherent,</span> 
     </span>
    </p>
   </div>
   <div class='ocr_carea' id='block_1_9' title="bbox 908 1934 1659 2607">
    <p class='ocr_par' dir='ltr' id='par_1_23' title="bbox 908 1934 1659 2607">
     <span class='ocr_line' id='line_1_69' title="bbox 995 1934 1568 1973; baseline -0.002 -1"><span class='ocrx_word' id='word_1_228' title='bbox 995 1934 1094 1972; x_wconf 90' lang='lat' dir='ltr'>Dum</span> <span class='ocrx_word' id='word_1_229' title='bbox 1126 1935 1283 1973; x_wconf 91' lang='lat' dir='ltr'>vulnera</span> <span class='ocrx_word' id='word_1_230' title='bbox 1314 1940 1568 1972; x_wconf 89' lang='lat' dir='ltr'>tumescerent</span> 
     </span>
     <span class='ocr_line' id='line_1_70' title="bbox 996 1991 1506 2039; baseline -0.002 -11"><span class='ocrx_word' id='word_1_231' title='bbox 996 1992 1045 2028; x_wconf 86' lang='lat' dir='ltr'>Et</span> <span class='ocrx_word' id='word_1_232' title='bbox 1076 1992 1252 2029; x_wconf 86' lang='lat' dir='ltr'>humores</span> <span class='ocrx_word' id='word_1_233' title='bbox 1285 1991 1506 2039; x_wconf 82' lang='lat' dir='ltr'>defluerent,</span> 
     </span>
     <span class='ocr_line' id='line_1_71' title="bbox 994 2048 1659 2086; baseline -0.002 -1"><span class='ocrx_word' id='word_1_234' title='bbox 994 2048 1094 2085; x_wconf 91' lang='lat' dir='ltr'>Dum</span> <span class='ocrx_word' id='word_1_235' title='bbox 1146 2059 1277 2086; x_wconf 86' lang='lat' dir='ltr'>carnes</span> <span class='ocrx_word' id='word_1_236' title='bbox 1323 2049 1659 2085; x_wconf 87' lang='lat' dir='ltr'>contremiscerent</span> 
     </span>
     <span class='ocr_line' id='line_1_72' title="bbox 910 2105 1499 2147; baseline -0.003 -4"><span class='ocrx_word' id='word_1_237' title='bbox 910 2106 962 2143; x_wconf 87' lang='lat'>20</span> <span class='ocrx_word' id='word_1_238' title='bbox 994 2105 1044 2142; x_wconf 88' lang='lat' dir='ltr'>Et</span> <span class='ocrx_word' id='word_1_239' title='bbox 1077 2106 1235 2143; x_wconf 88' lang='lat' dir='ltr'>virtutes</span> <span class='ocrx_word' id='word_1_240' title='bbox 1271 2109 1499 2147; x_wconf 86' lang='lat' dir='ltr'>arescerent,</span> 
     </span>
     <span class='ocr_line' id='line_1_73' title="bbox 995 2161 1519 2209; baseline -0.002 -11"><span class='ocrx_word' id='word_1_241' title='bbox 995 2161 1104 2198; x_wconf 89' lang='lat' dir='ltr'>Sitim</span> <span class='ocrx_word' id='word_1_242' title='bbox 1136 2162 1287 2199; x_wconf 86' lang='lat' dir='ltr'>sensisti</span> <span class='ocrx_word' id='word_1_243' title='bbox 1320 2161 1519 2209; x_wconf 83' lang='lat' dir='ltr'>fervidam,</span> 
     </span>
     <span class='ocr_line' id='line_1_74' title="bbox 993 2217 1522 2266; baseline 0 -12"><span class='ocrx_word' id='word_1_244' title='bbox 993 2217 1102 2254; x_wconf 88' lang='lat' dir='ltr'>Sitim</span> <span class='ocrx_word' id='word_1_245' title='bbox 1133 2229 1261 2255; x_wconf 89' lang='lat' dir='ltr'>amore</span> <span class='ocrx_word' id='word_1_246' title='bbox 1291 2218 1522 2266; x_wconf 83' lang='lat' dir='ltr'>languidam,</span> 
     </span>
     <span class='ocr_line' id='line_1_75' title="bbox 994 2273 1536 2323; baseline 0.004 -13"><span class='ocrx_word' id='word_1_247' title='bbox 994 2273 1102 2311; x_wconf 88' lang='lat' dir='ltr'>Sitim</span> <span class='ocrx_word' id='word_1_248' title='bbox 1134 2275 1315 2312; x_wconf 89' lang='lat' dir='ltr'>virtutum</span> <span class='ocrx_word' id='word_1_249' title='bbox 1348 2275 1536 2323; x_wconf 88' lang='lat' dir='ltr'>cupidam,</span> 
     </span>
     <span class='ocr_line' id='line_1_76' title="bbox 993 2330 1518 2378; baseline 0.002 -11"><span class='ocrx_word' id='word_1_250' title='bbox 993 2330 1157 2369; x_wconf 82' lang='lat' dir='ltr'>Nostrae</span> <span class='ocrx_word' id='word_1_251' title='bbox 1188 2332 1321 2369; x_wconf 90' lang='lat' dir='ltr'>salutis</span> <span class='ocrx_word' id='word_1_252' title='bbox 1352 2331 1518 2378; x_wconf 90' lang='lat' dir='ltr'>avidam,</span> 
     </span>
     <span class='ocr_line' id='line_1_77' title="bbox 908 2387 1488 2436; baseline 0.005 -12"><span class='ocrx_word' id='word_1_253' title='bbox 908 2388 959 2425; x_wconf 82' lang='lat'>25</span> <span class='ocrx_word' id='word_1_254' title='bbox 992 2387 1162 2436; x_wconf 85' lang='lat' dir='ltr'>Benigne</span> <span class='ocrx_word' id='word_1_255' title='bbox 1194 2389 1342 2427; x_wconf 89' lang='lat' dir='ltr'>dicens:</span> <span class='ocrx_word' id='word_1_256' title='bbox 1376 2388 1488 2432; x_wconf 72' lang='lat' dir='ltr'>sitio,</span> 
     </span>
     <span class='ocr_line' id='line_1_78' title="bbox 993 2445 1484 2492; baseline 0.002 -11"><span class='ocrx_word' id='word_1_257' title='bbox 993 2445 1197 2483; x_wconf 90' lang='lat' dir='ltr'>Hominum</span> <span class='ocrx_word' id='word_1_258' title='bbox 1227 2445 1342 2484; x_wconf 88' lang='lat' dir='ltr'>fidem</span> <span class='ocrx_word' id='word_1_259' title='bbox 1375 2446 1484 2492; x_wconf 89' lang='lat' dir='ltr'>cupio</span> 
     </span>
     <span class='ocr_line' id='line_1_79' title="bbox 995 2501 1459 2550; baseline 0.004 -12"><span class='ocrx_word' id='word_1_260' title='bbox 995 2501 1237 2550; x_wconf 86' lang='lat' dir='ltr'>Salutemque</span> <span class='ocrx_word' id='word_1_261' title='bbox 1269 2503 1459 2550; x_wconf 88' lang='lat' dir='ltr'>desidero,</span> 
     </span>
     <span class='ocr_line' id='line_1_80' title="bbox 994 2559 1528 2607; baseline 0.002 -11"><span class='ocrx_word' id='word_1_262' title='bbox 994 2559 1068 2596; x_wconf 89' lang='lat' dir='ltr'>Pro</span> <span class='ocrx_word' id='word_1_263' title='bbox 1098 2570 1171 2606; x_wconf 86' lang='lat' dir='ltr'>qua</span> <span class='ocrx_word' id='word_1_264' title='bbox 1202 2570 1260 2597; x_wconf 90' lang='lat' dir='ltr'>me</span> <span class='ocrx_word' id='word_1_265' title='bbox 1290 2560 1371 2607; x_wconf 88' lang='lat' dir='ltr'>pati</span> <span class='ocrx_word' id='word_1_266' title='bbox 1401 2559 1528 2597; x_wconf 85' lang='lat' dir='ltr'>offero.</span> 
     </span>
    </p>
   </div>
   <div class='ocr_carea' id='block_1_10' title="bbox 1270 2673 1293 2698">
    <p class='ocr_par' dir='ltr' id='par_1_24' title="bbox 1270 2673 1293 2698">
     <span class='ocr_line' id='line_1_81' title="bbox 1270 2673 1293 2698; baseline 0 -4"><span class='ocrx_word' id='word_1_267' title='bbox 1270 2673 1293 2698; x_wconf 85' lang='lat'><em>*</em></span> 
     </span>
    </p>
   </div>
   <div class='ocr_carea' id='block_1_11' title="bbox 911 2730 1423 2834">
    <p class='ocr_par' dir='ltr' id='par_1_25' title="bbox 911 2730 1423 2834">
     <span class='ocr_line' id='line_1_82' title="bbox 994 2730 1422 2769; baseline -0.002 -1"><span class='ocrx_word' id='word_1_268' title='bbox 994 2730 1024 2768; x_wconf 93' lang='grc' dir='ltr'>Ο</span> <span class='ocrx_word' id='word_1_269' title='bbox 1056 2731 1139 2767; x_wconf 88' lang='lat' dir='ltr'>sitis</span> <span class='ocrx_word' id='word_1_270' title='bbox 1170 2731 1422 2769; x_wconf 89' lang='lat' dir='ltr'>saluberrima</span> 
     </span>
     <span class='ocr_line' id='line_1_83' title="bbox 911 2787 1423 2834; baseline 0 -10"><span class='ocrx_word' id='word_1_271' title='bbox 911 2787 963 2824; x_wconf 85' lang='lat'>30</span> <span class='ocrx_word' id='word_1_272' title='bbox 994 2787 1194 2834; x_wconf 81' lang='lat' dir='ltr'>Exoptans</span> <span class='ocrx_word' id='word_1_273' title='bbox 1225 2789 1423 2831; x_wconf 81' lang='lat' dir='ltr'>amicitiaS,</span> 
     </span>
    </p>
   </div>
   <div class='ocr_carea' id='block_1_12' title="bbox 1376 2851 1450 2885">
    <p class='ocr_par' dir='ltr' id='par_1_26' title="bbox 1376 2851 1450 2885">
     <span class='ocr_line' id='line_1_84' title="bbox 1376 2851 1450 2885; baseline -0.014 0"><span class='ocrx_word' id='word_1_274' title='bbox 1376 2851 1450 2885; x_wconf 81' lang='lat'>37*</span> 
     </span>
    </p>
   </div>
  </div>
 </body>
</html>
