1785 3111
429 189 578 226 Idcirco
611 188 735 225 cuncti
766 198 865 224 nunc
895 188 933 224 in
964 189 1037 226 isto
1064 188 1226 234 saeculo,

347 246 399 284 45
432 245 534 283 Dum
567 245 686 281 currit
716 248 821 281 aetas
853 248 890 281 et
912 245 992 282 dies
1024 245 1107 281 aevi
1136 248 1254 291 patet,

431 302 570 339 Rectas
601 312 755 348 agamus
786 301 939 338 semitas
970 300 1079 338 firmo
1110 302 1209 347 pede

431 358 512 395 Nec
544 356 763 395 deferamur
792 357 940 396 lubrico
971 358 1073 394 latae
1103 358 1200 397 viae.

432 415 608 451 Praestat
639 425 708 461 per
738 419 860 451 artum
895 414 1118 451 dimicantes
1149 414 1337 451 tramitem

432 471 651 509 Laboriosis
681 471 841 508 introire
873 471 1029 509 nisibus,

349 529 401 567 50
435 528 524 564 Vias
556 527 737 564 bonorum
770 528 891 564 laetus
922 527 1096 574 agnoscit
1126 527 1240 572 Deus,

435 584 488 621 At
518 584 719 631 impiorum
754 595 913 630 pronum
945 585 1019 620 iter
1053 583 1254 622 delebitur.

246 707 328 739 Cod.
360 707 511 739 Parisin.
543 705 644 739 2122.
671 718 760 739 saec.
797 706 847 740 10.
874 708 914 739 A.
947 727 989 730 —
1023 707 1105 739 Cod.
1131 707 1281 739 Parisin.
1314 708 1371 745 (ol.
1398 706 1593 749 Paredien.)
1617 706 1717 740 2772.

157 763 249 785 saec.
276 750 364 785 ¹⁰l11.
388 754 428 785 Β.
455 770 499 774 —
524 751 547 784 4
570 753 791 795 pestilentiae
817 754 887 784 AB.
912 770 954 774 —
981 752 1000 784 5
1026 753 1102 794 lege
1120 753 1190 784 AB.
1216 770 1260 773 —
1287 751 1307 784 S
1333 753 1387 784 bis
1413 751 1453 784 51
1482 753 1596 785 fehlen
1610 755 1649 785 Β.
1676 771 1718 776 --

158 797 200 831 10
232 799 339 830 fluctu
372 799 475 840 plena
508 799 611 830 redde
636 799 675 829 A.
707 817 751 820 —
787 797 826 830 13
860 800 1082 840 prosequitur
1107 798 1147 830 A.
1185 815 1226 819 —
1256 796 1295 829 15
1321 799 1379 831 Sic
1404 800 1440 829 in
1465 799 1518 830 ira
1542 799 1582 830 A.
1608 818 1652 822 ——
1676 797 1720 832 20

156 855 236 876 nam
273 845 405 876 crimen
440 844 562 876 videns
596 845 636 875 A.
673 861 716 865 —
750 842 791 875 21
826 845 1025 886 quaestioni
1059 844 1102 876 A.
1136 861 1178 864 —
1215 841 1258 875 29
1290 845 1487 884 Variaeque
1523 844 1568 876 A.
1601 864 1643 868 -—
1676 842 1720 876 33

155 891 323 922 cremavit
347 890 388 921 A.
421 908 465 912 —
496 888 542 921 42
574 889 654 922 fidei
687 901 757 921 non
789 900 911 931 gerens
937 890 981 920 A.
1017 906 1056 910 —
1088 886 1132 921 48
1165 889 1366 921 dimicantis
1391 889 1430 920 A.
1466 909 1508 912 —
1540 887 1718 923 5010etas

155 936 194 967 A.
219 952 264 957 —
289 935 404 973 Hartl,
429 946 462 977 p.
491 932 531 967 18
556 946 630 977 sqq.

709 1102 767 1138 50.
804 1102 861 1143 (3.)
900 1102 1083 1137 Psalmus
1109 1102 1161 1137 ΙΙ.

813 1172 926 1204 Carm.
951 1173 1049 1204 VIII.

369 1265 447 1302 Cur
477 1267 607 1310 gentes
640 1262 828 1301 fremuere
860 1268 895 1301 et
926 1264 1054 1300 inania
1084 1267 1170 1300 sunt
1201 1264 1373 1300 meditati

368 1319 534 1367 Populi?
566 1321 784 1358 Astiterunt
814 1331 992 1368 proceres
1025 1331 1106 1356 cum
1140 1320 1290 1367 regibus
1321 1321 1397 1358 acti

361 1376 577 1415 Adversum
609 1378 811 1414 Dominum
844 1382 881 1414 et
913 1377 1104 1415 Christum
1140 1388 1277 1414 vesana
1309 1376 1536 1428 frementes3

361 1435 523 1472 Vincula
554 1445 784 1481 rumpamus,
817 1435 903 1480 iuga
936 1434 1182 1471 discutiamus
1214 1445 1354 1473 eorum.

314 1495 335 1529 5
369 1491 442 1537 Qui
473 1495 599 1528 manet
628 1498 782 1528 aeterno
814 1492 903 1528 totis
935 1491 1192 1528 moderamine
1225 1492 1351 1540 caelis,

364 1547 547 1585 Irridebit
579 1558 642 1584 eos
673 1548 846 1594 iustaque
876 1548 1051 1595 loquetur
1081 1547 1119 1584 in
1150 1547 1207 1584 ira

363 1604 619 1651 Terribilique
651 1605 778 1641 minax
811 1604 927 1641 verbo
958 1604 1129 1641 turbabit
1159 1604 1329 1651 iniquos3

298 1698 300 1701 .
363 1662 437 1698 Ast
469 1672 536 1708 ego
569 1672 634 1698 rex
666 1661 713 1698 ab
746 1672 789 1698 eo
819 1661 932 1708 parili
965 1660 1107 1698 ditione
1139 1665 1300 1708 creatus,

367 1718 620 1764 Praeceptum
651 1717 806 1755 Domini
837 1728 951 1764 super
981 1717 1119 1754 almum
1153 1718 1333 1764 praedico
1365 1717 1468 1755 Sion.

281 1774 331 1812 10
363 1775 451 1821 Ipse
483 1775 531 1811 ad
563 1785 622 1810 me
653 1774 858 1813 Dominus:
891 1785 1006 1823 meus,
1039 1774 1173 1820 inquit.
1206 1772 1310 1810 filius
1342 1785 1381 1811 es
1412 1777 1465 1821 tu,

366 1832 495 1878 Teque
526 1831 640 1868 hodie
671 1831 803 1879 genui3
836 1835 936 1877 pete,
969 1831 1019 1867 sis
1051 1830 1142 1866 mihi
1173 1831 1348 1877 gentibus
1378 1831 1501 1878 heres,

366 1888 418 1925 Et
448 1892 512 1924 tua
544 1886 727 1924 fundatur
756 1888 845 1924 totis
877 1888 1065 1934 possessio
1096 1888 1222 1925 terris.

365 1944 509 1981 Ferrea
539 1945 646 1991 virga
676 1944 746 1980 tibi
778 1948 846 1992 est,
879 1944 1005 1981 valido
1037 1944 1125 1990 quia
1155 1945 1237 1981 iure
1267 1948 1453 1981 tumentes

366 2000 468 2038 Orbe
499 2001 599 2047 regis
631 2005 709 2038 toto
739 2001 913 2047 populos,
947 2011 1015 2037 ceu
1046 2011 1137 2037 vasa
1169 2006 1318 2038 recocto

283 2056 331 2094 15
365 2056 475 2094 Ficta
506 2058 585 2094 luto
617 2056 795 2104 frangens
829 2058 956 2106 corda,
990 2062 1030 2093 ut
1061 2057 1218 2094 meliora
1249 2056 1446 2096 reformes.

366 2114 417 2151 Et
448 2125 558 2163 nunc,
593 2125 690 2162 ecce,
723 2125 852 2151 omnes
884 2114 1015 2150 stratis
1046 2114 1237 2151 advertite
1269 2125 1378 2162 reges

366 2170 561 2207 Mentibus
594 2176 632 2207 et
662 2171 886 2217 quicumque
917 2171 1107 2207 hominum
1139 2169 1363 2208 famulantia
1394 2171 1512 2208 corda

368 2227 513 2263 Iudicio
545 2227 675 2274 regitis
707 2238 906 2274 rerumque
937 2227 1074 2263 tenetis
1105 2227 1293 2266 habenas:

368 2282 568 2320 Deservite
599 2284 680 2320 Deo
711 2285 853 2330 trepidi
886 2284 1077 2330 mixtoque
1108 2282 1241 2320 fideles

284 2340 334 2376 20
367 2339 567 2376 Exsultate
598 2344 716 2388 metu3
746 2340 812 2377 fiat
844 2341 1037 2377 discordia
1068 2351 1224 2377 concors

369 2395 583 2432 Dissimiles
613 2397 763 2433 socians
796 2396 952 2433 affectus
983 2401 1137 2444 pectore
1168 2397 1206 2433 in
1238 2409 1324 2442 uno,

368 2451 425 2488 Ne
456 2453 569 2489 timor
598 2452 756 2499 adfligat
787 2458 931 2490 mentes
963 2454 1020 2490 vel
1053 2453 1191 2500 gaudia
1222 2454 1385 2502 solvant,

372 2509 411 2546 Si
441 2513 591 2545 careant
624 2510 724 2546 laeto
755 2510 886 2556 pavidi
917 2509 1120 2546 formidine
1150 2510 1229 2549 leti.

370 2564 516 2601 Discite
546 2566 728 2603 iustitiam
761 2571 959 2613 rectosque
990 2566 1176 2612 capessite
1207 2577 1329 2604 mores

282 2622 334 2658 25
367 2621 415 2658 Et
448 2622 545 2658 iusto
576 2623 767 2668 trepidate
801 2623 890 2667 Deo⁷
925 2624 1086 2669 gaudete
1117 2622 1291 2670 benigno,

374 2677 432 2714 Ne
462 2679 612 2724 quando
645 2680 817 2715 meritum
852 2680 953 2716 Deus
984 2680 1171 2716 irascatur
1202 2680 1240 2716 in
1271 2680 1399 2716 orbem

370 2734 519 2780 Vosque
549 2735 608 2771 via
640 2735 738 2771 iusta
768 2735 865 2771 iuste
898 2736 1064 2782 pereatis
1094 2735 1232 2773 abacti.

371 2791 519 2828 Amodo
551 2792 624 2827 iam
657 2792 804 2828 resilire
836 2792 896 2828 via
927 2793 1141 2838 properetis
1173 2792 1313 2839 iniqua.
