1785 3111
674 81 985 121 —143—

47 196 152 227 weise
174 192 317 236 (infolge
341 205 411 226 von
429 194 703 237 Verwechslung
728 197 791 226 mit
816 195 893 227 dem
919 195 1079 236 Hymnus
1106 195 1245 226 Aurea
1270 194 1368 227 luce
1394 198 1435 226 et
1460 195 1617 227 decore

45 238 185 281 roseo)
218 244 320 272 unter
349 239 426 271 dem
459 240 520 272 der
544 240 662 281 Elpis,
698 251 735 272 so
770 242 806 272 in
836 241 919 272 Cod.
944 241 1093 282 Pragen.
1119 241 1136 272 Ι
1161 241 1192 273 G
1217 238 1260 272 39
1286 250 1376 272 saec.
1405 238 1463 272 15:
1492 242 1618 282 „Hunc

44 296 203 328 ymprum
235 285 318 317 fecit
348 285 495 327 Helpes,
528 286 658 318 nobilis
691 286 849 323 domina,
886 297 973 317 uxor
1002 287 1119 328 Boecij
1155 287 1346 324 senatoris,
1381 286 1613 318 inhonorem

43 335 242 364 sanctorum
274 331 510 372 apostolorum
536 331 631 362 Petri
665 335 698 363 et
724 329 857 363 Pauli.“
908 332 1033 373 Georg.
1059 332 1256 364 Cassander
1280 332 1303 364 l.
1329 342 1357 362 c.
1386 343 1419 373 p.
1447 330 1510 363 167
1539 344 1613 374 sqq.

44 378 154 410 bietet
185 376 304 408 diesen
329 377 490 417 Hymnus
522 376 611 408 ohne
649 377 715 409 den
741 378 875 408 Numen
900 377 960 408 des
990 377 1206 414 Vei-fassers3
1240 377 1470 416 Thomasius‚
1503 379 1618 419 Opera

45 421 108 464 (ed.
134 420 295 462 Vezzosi)
317 422 363 459 ΙΙ,
397 419 463 454 388
488 422 729 454 iiberschreibt
754 423 816 453 ihn
843 421 1043 463 ,‚Paulini‚“
1072 422 1162 454 ohne
1186 423 1328 456 Griinde
1353 424 1617 466 beizubringen.

44 468 115 500 Fur
138 467 266 499 Paulin
291 467 459 508 sprecheu
486 467 603 499 ausser
627 468 693 512 den
719 468 952 510 allgemeinen
970 468 1136 500 Griinden
1162 469 1218 500 die
1243 479 1313 500 von
1330 469 1521 500 Madrisius
1546 469 1617 500 und

47 514 225 546 Giannoni
253 513 318 544 mit
341 513 453 544 Reeht
477 513 618 545 betonte
647 514 994 555 Ubereinstimmung
1016 525 1085 544 von
1119 512 1149 551 2,
1175 512 1196 544 2
1222 515 1283 545 mit
1309 514 1440 546 Contra
1464 514 1617 546 Felicem

47 560 74 598 I,
109 556 168 590 36:
206 558 328 599 „Ecce,
358 558 482 590 Petrus
516 563 550 590 et
582 559 726 598 Paulus,
760 559 827 590 duo
853 559 1018 590 videlicet
1043 559 1214 600 fulgentia
1238 559 1357 590 mundi
1384 558 1615 592 candelabra“

48 604 119 636 und
143 614 213 635 von
237 601 268 642 2,
295 600 316 635 3
341 604 405 635 mit
420 605 448 642 Ι,
473 602 537 635 45:
565 605 725 643 „Petrum
745 605 973 646 Paulumque,
999 605 1068 635 duo
1088 606 1268 646 praeclara
1287 605 1375 636 caeli
1393 603 1615 637 luminaria.“

47 650 228 681 Triimmer
252 649 365 681 dieses
391 650 553 691 Hymnus
580 650 657 681 sind
684 649 773 681 noch
798 650 901 681 heute
924 652 961 681 in
986 650 1193 681 r61nisehem
1212 650 1408 682 Gebrauch.
1450 651 1496 683 So
1523 652 1619 683 dient

48 695 198 737 Strophe
231 693 253 726 4
284 696 349 726 mit
381 696 478 727 einer
509 696 708 737 Doxologie
742 696 794 727 als
820 696 982 735 Hymnus
1008 695 1071 726 auf
1091 696 1189 727 Petri
1214 696 1428 727 Kettenfeier
1453 698 1516 727 mit
1540 697 1617 729 dem

44 740 275 772 veriinderten
309 741 486 783 Anfange:
528 741 658 772 Miris
699 741 838 772 modis
882 745 1092 782 repente
1133 741 1253 772 liber
1289 742 1436 772 ferrea
1478 742 1618 774 Christo

45 787 187 817 iubente
213 790 276 818 etc.
301 803 345 807 —
370 786 511 818 Ebenso
538 787 649 818 bildet
672 790 773 817 unter
799 787 936 818 starker
954 787 1206 827 Umiinderung
1231 787 1286 817 die
1305 787 1454 828 Strophe
1472 785 1492 818 5
1517 789 1619 820 nebst

45 833 141 864 einer
165 832 361 874 Doxologie
386 832 489 863 einen
509 832 670 873 Hymnus
695 832 750 862 fiir
774 832 836 863 das
859 833 943 864 Fest
960 833 1055 863 Petri
1075 832 1251 863 cathedra
1275 832 1447 863 nfimlieh:
1475 833 1618 872 Quod-

47 887 219 918 cunque
247 879 289 908 in
314 877 419 909 orbe
444 878 632 909 nexibus
658 879 928 909 revinxeris.
954 894 999 899 ——
1017 877 1166 919 Strophe
1185 876 1203 908 7
1230 878 1369 909 endlich
1387 879 1433 909 ist
1451 879 1620 910 ebendort

45 924 82 954 in
107 923 173 954 den
198 922 478 965 umgedichteten
506 924 668 963 Hymnus
696 922 841 955 Aurea
866 924 960 955 luce
987 926 1029 955 et
1053 924 1213 955 decore
1238 934 1368 955 roseo
1385 922 1618 963 (Urbanische

47 969 222 1010 Fassung:
245 969 409 1000 Decora
441 969 515 1000 lux
545 969 846 1000 aeternitatis
880 968 1030 1009 aurea)
1055 968 1321 1011 eingeschoben.

452 1124 534 1160 104.
569 1125 627 1167 (6.)
662 1125 709 1159 In
736 1124 875 1160 Natali
901 1124 1033 1160 sancti
1058 1124 1202 1160 Marci.

252 1219 290 1258 1.
338 1220 417 1256 Iam
446 1230 546 1256 nunc
580 1229 650 1266 per
680 1230 790 1256 omne
820 1221 886 1257 lux
917 1218 1080 1266 refulget
1111 1220 1316 1267 saeculum,

337 1276 422 1313 Lux
453 1276 534 1323 illa,
568 1276 691 1323 patris
723 1287 819 1323 quae
850 1277 951 1312 lucet
984 1277 1031 1313 de
1063 1277 1170 1324 solio,

335 1333 438 1380 Quae
469 1331 567 1382 fons,
600 1333 717 1380 origo,
751 1334 934 1380 splendor
964 1333 1060 1370 lucis
1091 1344 1229 1370 aureae

335 1389 566 1437 Habensque
597 1401 747 1437 semper
778 1390 902 1426 lumen
934 1389 1157 1427 indeficiens

337 1447 493 1485 Caelum
525 1451 688 1495 serenat,
719 1457 854 1484 arcens
883 1446 1014 1484 mundi
1045 1447 1235 1486 tenebras

251 1561 290 1600 2.
337 1560 459 1600 Huius
490 1564 639 1598 sacrato
669 1560 765 1597 lucis
798 1560 845 1598 de
874 1559 1086 1597 vibramine

339 1617 516 1664 Suscepit
547 1618 685 1654 almum
718 1617 866 1654 radium
895 1617 964 1654 sub
995 1621 1150 1664 pectore

338 1675 494 1712 Marcus
526 1674 672 1722 beatus,
706 1675 840 1711 doctor
872 1674 1124 1722 evangelicus,

339 1733 482 1770 Factus
512 1731 670 1768 lucerna
698 1741 803 1768 more
833 1731 930 1768 tanti
961 1731 1127 1776 luminis,

339 1788 491 1827 Ardens
525 1787 671 1835 fugavit
703 1788 845 1825 saeculi
877 1788 1090 1836 caliginem.

258 1904 298 1942 3.
345 1902 498 1949 Septem
531 1901 716 1938 columnis
747 1912 822 1938 una
855 1901 902 1938 de
932 1901 1161 1948 candidulis,

341 1959 481 1996 Aureis
510 1962 656 2005 septem
687 1969 800 1994 unum
835 1958 882 1995 de
913 1958 1154 1995 candelabris

342 2015 543 2062 Cingitque
573 2018 693 2051 totum
725 2015 906 2052 mundum
939 2015 1042 2052 claro
1073 2015 1212 2063 sidere,

343 2072 603 2110 Ecclesiarum
637 2072 772 2109 nititur
803 2072 872 2108 sub
905 2072 1080 2118 culmine,

343 2129 540 2167 Sustentat
570 2129 670 2166 altae
702 2127 949 2166 fundamenta
980 2127 1163 2168 fabricae.

258 2245 298 2284 4.
345 2244 543 2290 Quartum,
575 2242 675 2289 quod
707 2242 795 2279 olim
827 2243 977 2279 viderat
1007 2242 1239 2288 Hiezechiel,

346 2299 539 2346 Propheta
569 2302 736 2348 sanctus,
768 2299 909 2336 animal
940 2299 1200 2347 lectissimum,

344 2357 453 2394 Vidit
483 2356 672 2394 Iohannes
705 2366 772 2392 ceu
805 2356 945 2393 Christi
979 2356 1171 2393 recubitor

347 2413 486 2450 Leonis
516 2413 589 2450 hoc
617 2417 654 2448 et
685 2413 812 2459 typice
844 2413 913 2449 sub
944 2413 1071 2459 specie

350 2470 527 2507 Clamore
557 2470 676 2506 multo
708 2480 778 2516 per
809 2470 961 2506 deserta
992 2468 1184 2508 frendere.

262 2584 301 2621 5.
347 2582 411 2619 Sic
440 2593 463 2619 a
493 2582 606 2620 beato
639 2583 754 2620 Petro
784 2583 921 2619 missus
952 2583 1049 2620 adiit

348 2639 632 2686 Aquileiensem
666 2640 805 2676 dudum
839 2638 1128 2677 famosissimam

349 2695 506 2742 Urbem,
539 2697 679 2733 sacrati
711 2696 818 2732 verbi
849 2697 1079 2742 pullulantia

347 2751 620 2790 Disseminavit
651 2758 746 2800 sata,
779 2764 851 2799 quo
882 2755 1116 2800 centuplices

348 2809 513 2846 Fructus
544 2810 593 2847 ad
622 2810 699 2847 alta
731 2810 833 2847 vexit
865 2808 956 2846 felix
990 2810 1140 2849 horrea.
