1785 3111
713 58 1025 98 —119—

96 170 162 210 13.
196 171 310 209 Tanti
339 175 511 219 potestas
541 172 694 210 luminis
917 174 982 212 15.
1015 174 1122 211 Haec
1151 171 1252 209 inter
1280 171 1404 210 instar
1433 174 1598 212 nectaris

194 228 292 266 Voto
323 228 463 266 sororis
495 229 673 275 vincitur,
1013 229 1195 267 Miranda
1224 230 1373 276 plectro
1404 231 1554 276 claruit,

192 285 273 331 Quo
284 285 370 332 plus
382 289 485 323 amat
497 285 593 333 quis,
612 286 698 334 plus
711 287 826 334 valet,
1015 287 1114 324 Nam
1144 285 1268 333 pinxit
1298 290 1387 333 apte
1416 287 1556 325 lineam

192 341 320 379 Enare
350 353 462 389 quam
493 343 614 380 cernit
643 343 783 390 polum.
1016 344 1127 381 Vitae
1157 353 1288 381 sacrae
1319 344 1555 391 sequacibus,

95 450 162 489 14.
195 450 281 487 Non
312 454 401 488 ante
431 451 568 489 saeclis
600 452 789 499 cognitum
919 453 984 491 16.
1017 453 1109 500 Iam,
1136 452 1212 490 dux
1234 452 1396 489 alumnis
1419 456 1478 490 sat
1504 456 1652 500 potens,

191 506 318 544 Noctu
347 507 459 545 iubar
489 507 701 559 effulgurat,
1016 509 1125 546 Assis
1157 510 1282 556 gregis
1313 509 1503 556 suspiriis,

192 564 272 610 Quo
303 568 404 602 totus
436 565 540 602 orbis
571 566 740 602 cernitur
1016 566 1161 603 Gliscat
1183 566 1292 603 bonis
1314 566 1478 614 hydrum
1503 577 1652 614 cavens,

194 620 454 668 Flammisque
484 622 645 659 subvehi
677 622 775 669 pius.
1015 622 1072 660 Sit
1103 623 1211 659 callis
1242 627 1283 660 ut
1314 634 1455 670 sequax
1488 624 1555 664 tui.

170 732 313 765 Collect.
342 745 405 766 ms.
432 735 643 767 Corbeiense
668 744 758 765 saec.
785 732 815 765 9.
858 734 940 765 Cod.
965 735 1115 766 Parisin.
1149 732 1273 766 14143.
1299 735 1339 766 A.
1364 753 1409 757 —
1434 737 1563 777 Hymn.
1589 747 1652 768 ms.

77 778 269 811 Casinense
306 789 396 812 saec.
433 777 484 812 10.
540 780 623 812 Cod.
658 779 820 811 Casinen.
849 777 925 812 506.
957 781 997 812 B.
1031 799 1074 803 —
1107 782 1238 822 Hymn.
1274 792 1336 812 ms.
1367 782 1653 814 Beneventanum

76 833 164 855 saec.
202 822 253 856 10.
287 835 338 856 ex.
387 825 471 858 cod.
505 826 664 856 Vatican.
690 825 854 857 Ottobon.
892 823 965 857 145.
993 826 1029 858 C.
1056 844 1099 847 -—
1132 827 1261 866 Hymn.
1297 838 1358 858 ms.
1385 827 1652 859 Severinianum

75 879 164 901 saec.
194 867 245 901 10.
272 880 324 902 ex.
365 871 448 903 Cod.
466 870 628 902 Vatican.
659 868 747 902 7172
765 872 806 902 D.
833 888 868 892 —
896 872 1025 912 Hynm.
1053 883 1115 903 ms.
1133 871 1427 912 Rhenoviense(“?)
1452 883 1541 904 saec.
1563 870 1650 905 ¹⁰!11.

76 914 158 947 Cod.
184 916 346 947 Turicen.
371 915 484 948 Rhen.
509 913 563 947 91.
590 916 631 947 Ε.
659 934 705 937 -
729 917 858 958 Hymn.
886 928 949 949 ms.
975 918 1142 949 Farfense
1168 928 1257 949 saec.
1286 916 1337 949 11.
1380 918 1463 950 Cod.
1489 919 1651 951 Turicen.

74 960 184 992 Rhen.
225 958 279 992 82.
322 962 358 993 F.
401 980 443 983 —-
487 961 618 1002 Hymn.
660 973 723 994 ms.
765 962 799 994 S.
842 962 995 1004 Sophiae
1035 961 1274 995 Beneventan.
1317 974 1406 996 saec.
1451 962 1502 995 11.
1566 964 1649 996 cod.

74 1006 297 1048 Neapolitan.
323 1007 373 1038 VI
398 1007 428 1038 E
453 1003 508 1038 43.
530 1007 571 1039 G.

168 1050 204 1090 l,
237 1051 258 1084 2
292 1056 496 1084 concentum
527 1053 565 1084 F.
595 1070 641 1075 —
670 1050 707 1092 2,
742 1051 758 1084 1
791 1054 842 1085 Ac
872 1053 1083 1085 Benedictus
1115 1054 1162 1094 E3
1198 1055 1268 1086 Fac
1298 1055 1509 1087 Benedictus
1538 1056 1581 1087 D.
1606 1073 1652 1077 —-

72 1095 111 1136 2,
144 1095 164 1129 2
189 1098 386 1130 Hostensor
411 1098 459 1137 A,
492 1100 633 1131 tramite
656 1099 728 1130 EF.
753 1116 798 1120 —
822 1096 859 1137 3,
896 1098 910 1130 1
940 1100 1007 1138 Qui
1033 1099 1133 1131 fulsit
1157 1103 1196 1131 ut
1222 1100 1262 1132 G.
1288 1119 1330 1122 —
1357 1098 1396 1139 3,
1422 1098 1443 1131 3
1468 1102 1505 1131 in
1529 1101 1651 1132 limine

71 1143 121 1184 A3
154 1144 191 1174 in
223 1143 336 1176 limite
369 1144 414 1185 Ο,
447 1144 523 1185 ipse
555 1144 667 1176 limite
701 1144 738 1175 F.
771 1162 816 1165 —
848 1143 885 1184 3,
917 1143 939 1176 4
969 1146 1139 1186 Despexit
1171 1147 1223 1177 tui
1253 1146 1378 1177 florida
1407 1147 1451 1178 D.
1482 1163 1527 1168 -—
1557 1145 1596 1184 4,
1629 1145 1652 1178 4

72 1188 229 1221 Venturo
247 1190 287 1220 B.
305 1206 349 1212 —-—
376 1189 406 1228 6,
436 1188 451 1221 1
471 1189 591 1221 baiula
607 1189 747 1222 BDEG.
765 1208 810 1211 —
834 1188 865 1229 6,
891 1188 912 1221 2
930 1191 1087 1232 cymbria
1105 1191 1211 1224 BEG.
1230 1209 1270 1213 —
1297 1189 1327 1230 6,
1353 1189 1375 1223 3
1393 1191 1533 1223 Cercuit
1551 1193 1588 1224 C.
1607 1210 1652 1214 —

73 1232 105 1272 7,
131 1232 151 1265 2
176 1234 296 1277 calyps
322 1235 364 1267 A.
387 1252 431 1256 -—
457 1233 487 1273 7,
513 1233 536 1266 4
560 1246 646 1277 puer
670 1237 780 1267 vitam
804 1240 905 1268 necet
929 1237 972 1268 D.
992 1253 1034 1257 —
1069 1234 1099 1275 8,
1126 1234 1147 1268 3
1173 1238 1310 1268 ruinam
1334 1237 1400 1268 AD
1435 1255 1478 1258 —
1505 1235 1535 1276 8,
1562 1236 1584 1269 4
1611 1241 1650 1269 ut

71 1279 126 1311 leo
159 1280 202 1314 D.
237 1297 278 1301 -
310 1278 342 1319 9,
379 1278 394 1312 1
428 1281 503 1312 Imo
541 1283 588 1312 sit
621 1281 730 1312 moles
766 1282 802 1315 A.
833 1299 877 1303 —
911 1279 942 1320 9,
968 1279 989 1313 3
1014 1283 1158 1314 Factum
1183 1283 1229 1323 A3
1257 1284 1386 1314 revixit
1410 1283 1446 1315 C.
1474 1301 1516 1304 —
1551 1281 1602 1321 10,
1629 1281 1649 1314 2

70 1326 219 1367 Iniquus
250 1335 434 1367 possessor
458 1326 543 1358 furit
569 1326 604 1358 C.
635 1344 678 1348 —
705 1324 756 1364 10,
782 1326 804 1358 4
829 1329 984 1369 contegit
1007 1328 1176 1360 BCDEG.
1203 1345 1247 1349 —
1282 1327 1334 1366 11,
1362 1327 1377 1359 1
1406 1328 1510 1360 aedos
1536 1329 1577 1360 E.
1615 1349 1649 1352 —

73 1368 126 1410 11,
152 1368 173 1403 3
197 1371 370 1404 frenatum
395 1372 435 1403 A.
463 1389 504 1394 —
535 1370 585 1410 12,
613 1370 633 1404 2
659 1373 791 1403 olivum
817 1373 854 1405 C.
891 1390 920 1394 —
952 1371 1003 1410 12,
1030 1372 1053 1405 4
1077 1374 1161 1405 Vita
1183 1374 1219 1405 C.
1238 1391 1280 1395 —
1311 1372 1363 1412 13,
1388 1372 1409 1406 3
1435 1374 1536 1413 Quod
1568 1375 1648 1416 plus

76 1420 172 1448 amat
196 1418 244 1456 D3
279 1427 368 1458 quae
402 1417 480 1459 plus
516 1418 612 1449 valet
643 1419 691 1455 D;
724 1419 785 1459 qui
820 1419 898 1460 plus
928 1419 1022 1451 valet
1048 1418 1115 1451 CG.
1142 1437 1185 1440 —
1221 1417 1272 1459 13,
1298 1418 1320 1450 4
1344 1430 1446 1462 quem
1471 1421 1582 1452 cernit
1607 1421 1648 1453 G.

77 1479 120 1484 ν-
153 1460 206 1501 14,
231 1461 252 1494 2
276 1463 372 1495 Natu
396 1463 499 1495 iubar
524 1464 575 1503 D;
607 1463 791 1505 effulgorat
818 1464 855 1496 C.
884 1481 926 1486 -—
956 1463 1006 1503 14,
1032 1463 1054 1496 4
1085 1465 1233 1496 subvehi
1259 1466 1353 1506 pium
1380 1466 1450 1506 CF3
1485 1465 1649 1498 subvehit

75 1509 105 1540 is
129 1509 227 1550 pium
251 1509 296 1540 D.
322 1526 362 1529 —
392 1507 444 1547 15,
470 1506 491 1540 3
517 1509 611 1540 linea
635 1509 676 1541 A.
701 1527 746 1531 —
770 1509 868 1541 Nach
895 1511 962 1544 Str.
992 1509 1031 1542 15
1058 1510 1224 1542 schieben
1249 1511 1311 1543 BG
1336 1512 1411 1542 ein:

167 1587 288 1620 Cernit
311 1598 498 1630 germanae
523 1590 698 1631 spiritum,
990 1591 1116 1622 Forma
1140 1590 1283 1622 vivendi
1311 1591 1485 1629 scribitur,

168 1633 292 1665 Secum
318 1634 467 1666 cadaver
492 1632 661 1675 condidit,
991 1637 1062 1667 Iter
1087 1637 1271 1677 migrantis
1296 1638 1459 1675 cernitur,

165 1679 335 1711 Mundum
359 1680 545 1712 collectum
570 1682 743 1722 conspicit
991 1682 1044 1713 Ab
1071 1682 1206 1723 angelis
1232 1682 1424 1717 deducitur,

166 1725 361 1766 Vatemque
385 1726 490 1768 globo
516 1726 676 1758 subvehi.
992 1728 1214 1769 Demensque
1240 1729 1347 1759 menti
1372 1728 1536 1760 redditur.

169 1807 220 1848 16,
249 1808 266 1842 1
285 1811 375 1842 Nam
392 1811 463 1843 dux
481 1810 554 1853 CF3
581 1812 721 1844 alumne
737 1812 815 1853 BG,
843 1812 995 1844 alumnis
1014 1813 1181 1855 adpetens
1201 1812 1243 1853 C,
1271 1813 1422 1845 alumnis
1438 1818 1647 1856 praepotens

72 1856 110 1887 F.
135 1873 180 1878 —
213 1853 274 1896 16,
313 1854 334 1888 2
358 1857 455 1888 Assit
477 1857 528 1895 E;
562 1859 654 1899 regis
679 1859 717 1889 F.
742 1877 784 1880 —-
821 1856 878 1897 16,
913 1856 934 1889 3
959 1859 1121 1891 Gliscant
1146 1859 1183 1891 C.
1209 1877 1253 1882 -—
1288 1857 1342 1898 16,
1368 1857 1390 1889 4
1416 1860 1516 1891 callis
1542 1864 1579 1892 tu
1604 1860 1649 1901 A,

73 1900 173 1933 callis
198 1905 238 1933 ut
262 1903 470 1944 sequacibus
496 1904 539 1934 D.
588 1903 687 1935 Nach
713 1903 780 1935 Str.
809 1902 849 1936 16
877 1904 964 1946 folgt
989 1905 1025 1935 in
1050 1904 1130 1936 BG:

110 1973 163 2007 17.
188 1977 368 2017 Hymnum
394 1980 541 2018 patrono
568 1979 756 2010 concinant
933 1976 984 2011 18.
1011 1974 1139 2010 Gloria
1165 1989 1335 2010 summum
1362 1983 1500 2011 resonet

187 2023 326 2058 Nursia,
353 2023 475 2061 Roma,
503 2023 685 2062 Sublacus,
1009 2024 1161 2062 Patrem,
1188 2028 1319 2063 natum,
1346 2025 1563 2066 paraclitum,

186 2068 330 2110 Nosque
355 2068 469 2099 datori
496 2079 677 2100 munerum
1011 2070 1129 2102 Unum
1155 2081 1359 2112 semperque
1384 2071 1574 2102 Dominum

185 2113 262 2145 Deo
288 2113 444 2145 dicamus
468 2114 632 2155 gloriam.
1014 2116 1148 2147 Cuncta
1173 2126 1234 2157 per
1262 2116 1341 2148 aevi
1366 2117 1515 2148 saecula.

166 2190 218 2232 18,
260 2190 276 2224 1
320 2204 453 2225 summo
491 2193 530 2226 G.
571 2211 615 2215 —
655 2192 706 2233 18,
748 2192 769 2225 2
804 2195 912 2233 Patri,
954 2198 1047 2234 nato,
1090 2195 1299 2237 paraclitum
1336 2197 1380 2237 B,
1419 2197 1517 2228 Patri
1553 2200 1646 2235 nato,

72 2238 243 2280 paraclito
270 2239 310 2271 G.
337 2256 373 2260 —-
405 2239 497 2271 Eine
522 2239 650 2272 andere
675 2240 873 2282 Doxologie
899 2242 935 2271 111
963 2242 1006 2272 C:

548 2314 629 2346 Alto
656 2315 792 2345 tonanti
818 2315 943 2356 gloria,

551 2358 606 2391 Sit
630 2360 719 2401 proli
745 2359 823 2391 laus
849 2370 953 2401 quam
980 2361 1133 2392 maxima

551 2405 636 2437 Cum
663 2406 790 2446 spiritu
815 2406 986 2445 paraclito

549 2450 597 2481 Et
621 2461 713 2482 nunc
740 2454 774 2482 et
798 2451 835 2482 in
861 2455 1077 2493 perpetuum.

161 2529 204 2560 In
228 2529 293 2561 DE
321 2529 366 2560 ist
390 2529 450 2561 der
474 2530 637 2570 Hymnus
663 2530 718 2561 fiir
742 2530 799 2561 die
825 2540 897 2571 sog.
924 2530 1066 2562 kleinen
1079 2532 1201 2562 Horen
1228 2532 1263 2562 in
1288 2532 1362 2563 vier
1379 2532 1476 2563 Teile
1502 2532 1641 2574 zerlegt,

70 2572 126 2605 die
154 2573 326 2615 jedesmal
355 2576 417 2606 mit
442 2574 503 2606 der
527 2575 724 2616 Doxologie
760 2577 846 2607 Deo
881 2577 1001 2616 patri
1037 2580 1100 2607 etc.
1127 2577 1334 2617 schliessen3
1367 2577 1422 2608 die
1448 2577 1546 2609 Teile
1571 2588 1642 2609 um-

69 2618 185 2651 fassen
210 2619 261 2651 ad
285 2620 478 2651 Primam
505 2621 572 2652 Str.
593 2618 698 2654 1—4:
726 2621 777 2652 ad
802 2621 999 2652 Tertiam
1026 2619 1134 2655 5-8:
1163 2622 1206 2653 ad
1232 2623 1412 2654 Sextam
1439 2620 1565 2656 9—12:
1600 2623 1644 2654 ad

67 2664 237 2696 Nonam
264 2663 407 2697 13—16.
457 2665 486 2697 G
511 2666 589 2697 teilt
615 2666 682 2698 den
708 2667 868 2707 Hymnus
894 2667 931 2697 in
956 2669 1041 2698 zwci
1066 2667 1163 2699 Teile
1193 2666 1278 2699 1-9
1304 2667 1374 2698 und
1402 2665 1545 2699 10—16.

162 2710 293 2742 Diesen
326 2712 447 2742 seinen
477 2712 638 2752 Hymnus
671 2711 733 2742 hat
757 2712 889 2743 Paulus
915 2713 1093 2744 Diaconus
1128 2715 1164 2744 in
1197 2714 1293 2744 seine
1319 2714 1479 2744 Historia
1504 2714 1641 2754 Lango-

69 2754 256 2787 bardorum
281 2757 309 2794 Ι,
335 2766 363 2786 0.
390 2753 432 2786 26
457 2757 725 2799 aufgenommen
752 2757 819 2788 und
847 2758 910 2788 mit
935 2757 1001 2789 den
1024 2758 1169 2789 Worten
1195 2759 1410 2800 eingeleitet:
1444 2758 1642 2796 „Hymnum

70 2809 208 2842 quoque
233 2801 373 2843 singula
398 2801 552 2834 eiusdem
580 2803 689 2844 patris
714 2803 884 2834 miracula
900 2804 1134 2835 continentem
1153 2807 1262 2835 metro
1281 2804 1430 2835 iambico
1450 2803 1639 2834 archiloico
