1785 3111
202 226 240 264 5.

199 491 234 527 6.

176 1571 239 1609 10.

176 1845 238 1883 11.

178 2388 242 2426 13.

181 2661 243 2698 14.

782 107 1089 148 —104—

274 224 505 270 Laetamque
537 223 637 260 vitae
668 222 818 259 ianuam

277 281 412 318 Pandit
446 280 667 325 redemptor
697 279 884 325 omuibus,

273 338 373 383 Quos
405 337 466 373 lex
498 347 627 373 amara
659 336 827 382 corporis

273 394 360 431 Vita
392 393 475 440 pios
507 393 740 439 privaverat.

269 490 297 527 O
328 489 425 526 mira
456 499 582 525 rerum
615 488 789 525 claritas!

269 545 447 582 Miranda
478 545 678 582 salvatoris
710 550 767 582 est

271 602 411 647 Virtus,
444 602 604 649 gemella
635 602 754 649 gratia

269 659 371 704 Quae
402 669 517 706 regna
547 659 614 695 leti
647 659 818 697 destruit.

229 785 236 793 .
273 754 368 791 Nam
399 755 582 802 plurimos
613 754 660 791 ab
691 753 805 791 inferi

269 812 395 848 Portis
426 812 579 848 reduxit
610 811 762 858 spiritu,

269 868 411 906 Multos
443 875 478 904 et
510 869 592 914 ipso
625 878 781 916 corpore

268 925 324 961 De
356 924 466 962 fauce
499 925 632 962 mortis
664 925 773 970 eruit,

227 1056 234 1064 .
270 1027 468 1072 Sui-gentis
500 1030 541 1063 ut
573 1026 620 1063 de
650 1026 808 1063 mortuis

272 1083 414 1121 Christi
447 1088 624 1120 sonarent
657 1083 795 1130 gaudia

270 1140 385 1177 Binos
416 1140 551 1177 choros
582 1140 777 1186 paschalia

270 1197 359 1234 Vita
387 1206 483 1233 nova
512 1197 746 1242 laetantium,

230 1328 238 1336 .
272 1298 390 1336 Binae
422 1299 595 1335 cohortes
627 1299 781 1335 aethera

273 1355 464 1392 Christum
481 1359 633 1392 secutae
655 1356 905 1393 ascenderent

271 1411 461 1458 Sedesque
494 1413 598 1449 caelo
630 1418 809 1458 perpetes

273 1469 379 1505 Inter
410 1474 581 1505 tenerent
614 1469 782 1516 angelos.

272 1571 383 1607 Hunc
414 1581 503 1617 ergo
535 1571 660 1608 cuncti
691 1572 864 1608 consonis

270 1627 379 1664 Diem
410 1626 576 1664 feramus
607 1628 797 1674 laudibus,

273 1684 403 1721 Victor
433 1684 529 1730 petit
561 1696 633 1731 quo
666 1683 802 1732 fulgidi

272 1742 375 1778 Iesus
407 1741 559 1788 Olympi
591 1741 735 1778 ianuas.

272 1846 352 1891 Quo
385 1844 492 1881 nobis
524 1845 606 1891 ipse
634 1845 735 1891 apud
755 1849 899 1891 patrem

272 1901 418 1938 Thoros
451 1901 580 1940 beatos
612 1902 789 1948 praevius

273 1959 330 1995 Ac
360 1958 574 1994 mansiones
605 1958 788 2005 plurimas

273 2015 425 2052 Paravit
457 2020 588 2052 auctor
617 2015 795 2055 aetheris.

232 2147 238 2154 .
270 2117 349 2162 Quo
380 2122 459 2154 tota
490 2117 797 2164 praecedentium

271 2174 305 2210 A
337 2174 488 2210 saeculo
519 2173 688 2211 fidelium

273 2231 435 2269 Caterva
468 2231 561 2268 caeli
590 2231 731 2279 regiam

275 2288 470 2324 Pandente
502 2287 656 2324 Christo
686 2287 813 2327 subiit.

276 2388 398 2426 Erant
427 2389 464 2425 in
496 2389 715 2426 admirabili

274 2445 387 2491 Regis
418 2445 609 2492 triumpho
640 2447 838 2483 altithroni

275 2501 411 2539 Coetus
443 2503 553 2539 simul
585 2503 803 2540 caelestium

273 2558 404 2595 Polum
431 2563 603 2605 petentes
634 2561 835 2606 agminum.

276 2659 452 2706 Apostoli
483 2663 561 2696 tum
592 2660 752 2706 mystico

273 2717 317 2753 In
356 2720 482 2753 monte
513 2720 656 2753 stantes
689 2716 904 2753 chrismatis

273 2773 364 2811 Cum
397 2778 517 2810 matre
549 2773 688 2810 claram
721 2772 867 2820 virgine

272 2829 356 2866 Iesu
390 2829 569 2867 videbant
601 2829 772 2876 gloriam.

992 224 1054 262 15.

987 490 1050 527 16.

989 756 1053 793 17.

991 1027 1053 1064 18.

995 1300 1057 1336 19.

991 1573 1057 1609 20.

988 1847 1054 1884 21.

991 2392 1055 2428 225.

997 2661 1059 2699 24.

1088 224 1146 260 Ac
1176 223 1369 269 prosecuti
1399 222 1540 259 lumine

1091 280 1207 316 Laeto
1239 284 1431 326 petentem
1463 279 1590 316 sidera

1092 336 1219 373 Laetis
1251 347 1317 383 per
1349 347 1461 373 auras
1492 335 1670 373 cordibus

1091 393 1248 430 Duxere
1278 403 1403 440 regem
1436 393 1590 431 saeculi.

1085 490 1184 535 Quos
1215 489 1449 536 alloquentes
1480 489 1631 536 angeli:

1084 545 1183 591 Quid
1220 550 1324 583 astra
1354 550 1497 583 stantes
1530 544 1718 583 cernitis?

1085 602 1261 639 Salvator
1291 602 1353 639 hic
1384 606 1452 648 est,
1485 602 1671 648 inquiunt,

1084 660 1201 705 Iesus,
1232 659 1424 706 triumpho
1456 659 1574 695 nobili

1087 756 1120 792 A
1152 755 1258 792 vobis
1290 755 1339 792 ad
1370 755 1550 792 caelestia

1085 812 1154 858 Qui
1172 822 1288 859 regna
1304 823 1404 848 nunc
1419 816 1635 858 assumptus
1648 815 1717 859 est,

1090 869 1276 905 Venturus
1307 868 1397 906 inde
1429 869 1569 905 saeculi

1088 927 1131 962 In
1163 924 1237 962 fine
1268 925 1383 962 iudex
1414 926 1592 964 omnium.

1091 1027 1193 1063 Haec
1226 1027 1414 1071 dixerant,
1447 1031 1485 1065 et
1505 1038 1579 1063 non
1601 1038 1719 1075 mora,

1086 1084 1209 1120 Iuncti
1240 1084 1364 1120 choris
1395 1082 1573 1120 felicibus

1088 1140 1181 1178 Cum
1214 1151 1301 1188 rege
1333 1150 1461 1187 regum
1493 1141 1610 1177 lucidi

1088 1197 1213 1233 Portis
1244 1197 1398 1244 Olympi
1439 1197 1719 1244 adproximant.

1092 1299 1241 1336 Emissa
1273 1303 1362 1336 tunc
1394 1310 1466 1336 vox
1497 1299 1644 1346 angeli:

1092 1356 1238 1399 Portas,
1271 1356 1336 1403 ait,
1370 1366 1469 1392 nunc
1499 1356 1669 1404 pandite,

1092 1413 1143 1450 Et
1174 1413 1346 1450 introibit
1376 1412 1545 1459 perpetis

1093 1469 1179 1506 Dux
1210 1470 1315 1516 pacis
1348 1475 1383 1506 et
1415 1480 1481 1506 rex
1512 1469 1669 1517 gloriae.

1092 1572 1304 1618 Respondit
1338 1571 1431 1608 haec
1461 1571 1509 1608 ab
1541 1571 1684 1608 intimis

1092 1630 1175 1665 Vox
1216 1628 1321 1665 urbis
1353 1628 1474 1665 almae
1504 1628 1721 1666 moenibus:

1088 1685 1177 1730 Quis
1207 1685 1278 1721 iste
1308 1695 1375 1721 rex
1407 1689 1464 1721 est
1494 1685 1650 1731 gloriae,

1087 1743 1208 1779 Intret
1239 1742 1317 1788 poli
1349 1742 1411 1788 qui
1442 1740 1605 1781 ianuas?

1089 1845 1166 1881 Nos
1198 1855 1348 1891 semper
1379 1845 1417 1881 in
1450 1844 1676 1882 caelestibus

1087 1901 1278 1940 Christum
1306 1901 1470 1938 solemus
1503 1911 1659 1938 cernere

1087 1958 1134 1994 Et
1169 1958 1247 1995 eius
1277 1969 1351 1994 una
1383 1969 1466 1995 cum
1498 1963 1607 2006 patre

1089 2015 1176 2052 Pari
1207 2014 1363 2051 beamur
1393 2015 1526 2062 gloria.

1048 2147 1056 2155 .
1088 2118 1139 2154 At
1171 2127 1309 2163 praeco
1340 2118 1466 2163 magni
1495 2116 1631 2153 iudicis

1087 2174 1270 2210 Dominus
1293 2178 1427 2219 potens
1447 2177 1484 2209 et
1505 2171 1615 2209 fortis
1643 2176 1711 2216 est,

1087 2231 1157 2276 Qui
1188 2230 1324 2266 stravit
1357 2234 1478 2266 atrum
1510 2229 1548 2266 in
1572 2229 1717 2276 proelio

1086 2286 1223 2324 Mundi
1236 2286 1473 2333 triumphans
1491 2285 1717 2333 principem.

1089 2390 1331 2435 Quapropter
1361 2387 1573 2434 elevamini,

1090 2447 1226 2483 Portae
1257 2445 1433 2491 perennis
1465 2444 1641 2494 aetheris,

1088 2503 1258 2540 Introeat
1290 2512 1356 2538 rex
1387 2501 1542 2547 gloriae,

1090 2559 1248 2595 Virtutis
1279 2562 1391 2604 atque
1423 2558 1580 2604 gratiae.

1094 2659 1236 2696 Mirata
1267 2659 1393 2696 adhuc
1424 2659 1640 2696 caelestium

1092 2716 1265 2761 Requirit
1296 2716 1383 2753 aula
1415 2716 1573 2754 civium:

1089 2771 1191 2818 Quis,
1224 2772 1358 2819 inquit⁷
1392 2776 1449 2809 est
1470 2782 1536 2809 rex
1558 2772 1716 2818 gloriae,

1090 2828 1170 2865 Rex
1201 2829 1273 2865 iste
1302 2833 1377 2865 tam
1409 2825 1646 2867 laudabilis?
