1785 3111
279 173 346 211 11.

278 447 344 486 12.

279 719 341 757 13.

278 990 342 1029 14.

277 1263 340 1303 15.

276 1538 341 1577 16.

277 1812 341 1851 17.

277 2085 340 2123 18.

278 2358 341 2396 19.

275 2619 342 2657 20.

703 80 758 85 --
820 57 898 98 149
958 82 1013 85 —

392 169 546 219 Lugere
575 172 689 209 modo
719 183 779 209 me
807 172 999 219 permitte,
1032 173 1206 220 Domine,

389 229 508 276 Mala,
541 239 637 276 quae
668 229 780 276 gessi,
812 239 898 266 reus
928 229 976 267 ab
1007 229 1183 278 infantia,

389 286 586 324 Lacrimas
618 286 710 322 mihi
741 290 805 323 tua
838 286 938 323 dona
967 287 1090 334 gratia

607 342 743 380 Cordis
775 343 822 380 ab
853 343 941 381 imo.

390 441 509 494 Meis,
539 448 582 482 ut
612 448 717 492 puto,
748 445 851 482 vitiis
883 449 1052 483 tartarea

389 502 597 539 Tormenta
627 502 756 539 multis
788 513 864 539 non
895 502 1021 539 valent
1054 500 1243 549 sufficere,

391 559 475 596 Nisi
508 562 719 607 succurrat,
753 559 915 609 Christe,
949 563 1015 596 tua
1046 559 1169 605 pietas

606 616 749 653 Misero
780 615 885 654 mihi.

390 714 548 757 Nullum
578 720 775 764 peccatum
805 727 920 763 super
951 721 1077 754 terrae
1110 716 1246 754 faciem

389 776 520 813 Potest
550 778 616 811 aut
647 774 769 811 scelus
800 774 964 810 inveniri
996 774 1215 822 quodpiam,

389 832 423 869 A
455 842 612 878 quorum
644 842 717 868 non
750 831 820 867 sim
850 831 1068 877 inquinatus
1100 830 1269 868 faecibus

605 886 746 925 Infelix
778 898 859 934 ego.

390 985 523 1037 Ortus,
556 1000 723 1039 occasus,
758 990 898 1038 aquilo,
931 992 1182 1040 septentrion,

390 1047 543 1084 Caelum
574 1050 765 1095 terraque,
798 1058 916 1094 mare,
950 1046 1087 1097 fontes,
1119 1047 1285 1099 flumina,

388 1104 541 1142 Montes
573 1108 611 1141 et
642 1104 771 1150 colles,
805 1104 941 1150 campi,
974 1105 1093 1142 mixta
1125 1108 1263 1144 rosulis

604 1161 715 1211 Lilia,
748 1160 849 1201 fiete.

386 1259 571 1310 Plangite
601 1274 761 1311 mecum,
794 1270 899 1301 astra
929 1264 1138 1312 rutilantia,

387 1320 539 1357 Mecum
569 1321 722 1371 mugite,
757 1320 903 1358 bestiae
935 1321 1143 1367 silvicolae,

388 1376 536 1415 Dicite:
569 1379 627 1415 Tu
658 1389 697 1414 es
733 1378 858 1426 miser,
893 1378 956 1424 qui
988 1378 1056 1415 sub
1089 1379 1205 1427 impio

604 1435 770 1473 Crimine
802 1435 931 1482 gemis.

390 1533 486 1591 Quis
517 1548 577 1574 me
609 1538 656 1574 de
688 1549 800 1574 manu
833 1537 965 1583 Cocyti
997 1536 1239 1576 flammivomi

388 1595 483 1632 Erui
510 1599 649 1642 potest,
683 1595 756 1631 nisi
788 1595 909 1641 patris
941 1597 1053 1632 unica

388 1652 536 1697 Proles,
569 1662 665 1699 quae
696 1652 878 1689 mundum
910 1653 1078 1698 pretioso
1109 1654 1291 1699 sanguine

605 1711 691 1746 Iure
722 1707 916 1745 redemit?

388 1807 633 1858 Redemptor
664 1811 808 1855 mundi,
842 1811 953 1848 unica
985 1822 1071 1858 spes
1103 1813 1281 1861 omnium,

389 1868 573 1915 Aequalis
606 1868 708 1915 patri
739 1874 947 1914 sanctoque
978 1868 1143 1917 spiritui,

388 1925 528 1963 Trinus
560 1929 597 1962 et
628 1936 723 1962 unus
756 1925 856 1962 Deus
888 1925 1105 1973 invisibilis,

604 1982 703 2020 Mihi
734 1992 926 2019 succurre.

387 2079 432 2124 Si
463 2095 522 2121 me
553 2085 684 2122 subtili
715 2096 852 2132 pensas
884 2084 952 2121 sub
984 2084 1197 2134 libramine,

390 2141 485 2187 Spes
516 2142 555 2178 in
586 2152 645 2178 me
676 2143 781 2179 nulla
812 2147 984 2178 remanet
1015 2141 1189 2191 fiduciae,

390 2197 477 2247 Sed,
510 2209 613 2247 rogo,
647 2204 712 2236 tua
743 2210 801 2235 me
832 2199 938 2235 salva
969 2201 1151 2249 potentia,

604 2256 727 2293 Filius
759 2256 844 2293 Dei.

389 2353 504 2396 Tolle
534 2362 744 2404 peccatum,
779 2358 881 2394 dilue
912 2356 1083 2395 facinora

390 2414 514 2451 Ablue
546 2414 679 2451 sordes
712 2415 885 2461 donoque
918 2414 1201 2465 charismatum,

390 2472 569 2509 Instaura
599 2482 721 2508 meum
755 2472 962 2508 clementer
992 2474 1252 2518 pectusculum

605 2529 765 2565 Munere
798 2532 874 2567 tu0.

389 2616 555 2658 Veniam
589 2624 677 2666 peto
710 2630 782 2655 non
814 2619 906 2655 meis
940 2619 986 2656 de
1016 2620 1160 2657 meritis

389 2676 516 2723 Fisus,
548 2676 615 2714 sed
648 2680 712 2712 tua
745 2680 869 2711 certus
903 2676 949 2712 de
981 2677 1196 2723 clementia,

392 2733 463 2779 Qui
496 2732 594 2782 bona
625 2733 700 2771 reis
732 2733 874 2779 pietate
906 2732 1018 2770 solita

607 2789 736 2827 Gratis
768 2789 974 2835 impendis.
