1785 3111
99 201 166 239 25.

98 479 166 517 26.

91 757 160 796 27.

88 1035 156 1073 28.

85 1314 153 1351 29.

84 1593 152 1632 30.

109 2086 146 2123 1.

103 2365 141 2402 2.

99 2641 137 2678 3.

717 83 1028 124 —451—

200 199 259 238 Sit
289 198 478 246 voluntas,
512 209 598 235 nam
629 196 791 236 facultas

256 255 378 292 Tuum
410 255 507 293 velle
537 255 720 303 sequitur,

199 311 392 360 Quidquid
423 311 540 359 voles,
572 315 637 349 tua
669 312 796 359 proles

256 369 360 406 Dare
391 379 463 406 non
494 368 719 407 morabitur.

201 477 317 524 Virgo
348 477 510 525 pulchra
539 475 689 525 fulgens
719 478 820 516 ultra

253 533 399 572 Cuncta
430 533 525 571 caeli
555 534 694 582 sidera,

197 591 449 637 Postulamus‚
481 595 523 628 ut
553 602 742 628 sumamus

252 648 326 684 Per
357 654 394 684 te
425 648 525 685 vitae
555 658 725 686 munera.

195 755 332 793 Curam
365 765 466 804 gere,
497 761 537 793 ut
569 755 701 793 videre

249 813 467 850 Mereamur
495 811 626 859 filium,

190 871 338 917 Quaere
369 880 512 919 pacem,
546 880 593 906 ne
624 869 807 906 minacem

250 925 383 963 Vibret
413 926 451 963 in
483 937 551 963 nos
582 926 763 974 gladium.

189 1034 314 1071 Meam
347 1033 463 1071 vitam
496 1032 557 1070 fac
587 1033 768 1071 munitam

245 1090 344 1129 Fide
375 1095 413 1127 et
443 1089 634 1137 operibus,

187 1147 241 1186 Ut
271 1147 321 1185 ad
355 1157 484 1184 cenam
507 1147 646 1184 intrem
668 1147 820 1194 plenam

244 1204 363 1242 Bonis
393 1204 684 1242 immortalibus,

185 1312 259 1350 Dei
289 1312 460 1358 verbum,
493 1312 557 1359 qui
588 1311 792 1359 superbum

244 1369 365 1406 Cruce
395 1369 549 1406 vincens
578 1369 753 1406 zabulum

184 1426 363 1474 Expiasti
394 1426 623 1472 protoplasti

241 1483 353 1520 Noxa
384 1488 487 1519 tuum
518 1483 711 1530 populum,

184 1592 220 1628 A
251 1590 426 1637 malignis
457 1602 527 1637 pro
557 1591 723 1638 indignis

240 1647 397 1686 Patiens
429 1647 611 1696 crudelia,

186 1705 236 1743 Ut
267 1711 439 1741 terrenos
471 1709 506 1740 et
538 1715 675 1751 egenos

239 1761 477 1799 Sublimares
507 1761 643 1808 gloria.

923 200 989 239 31.
1023 199 1105 237 Rex
1139 200 1326 248 caelestis,
1359 200 1414 237 sic
1444 200 1626 239 modestis

1077 256 1142 294 Mc
1173 267 1335 303 perorna
1362 257 1543 305 moribus,

1022 313 1071 352 Ut
1105 313 1285 350 bonorum
1317 318 1557 353 aeternorum

1075 369 1221 416 Dignus
1252 371 1322 407 sim
1353 370 1583 410 muneribus.

917 480 982 517 32.
1015 479 1292 516 Munimentum
1324 480 1372 516 sit
1405 479 1625 517 credentum

909 1036 972 1074 34.

908 1314 973 1351 35.

1071 535 1165 572 Eius
1200 535 1434 585 intercessio,

1014 593 1115 639 Quae
1156 596 1193 628 te
1223 593 1328 640 pavit
1360 597 1396 630 et
1427 594 1588 640 gestavit

1077 648 1327 686 Sacrosancto
1357 650 1513 696 gremio.

1012 756 1100 793 Reis
1132 767 1260 803 parce.
1293 757 1355 803 qui
1387 757 1434 794 ab
1467 768 1554 796 arce

1068 813 1210 850 Missus
1243 824 1281 850 es
1313 814 1490 851 aetherea

1013 869 1137 907 Carne
1168 875 1329 919 sumpta,
1361 875 1400 907 ut
1434 876 1615 918 corrupta

1069 926 1319 964 Restaurares
1349 932 1487 965 terrea.

1007 1035 1089 1073 Tua
1120 1035 1277 1071 mundet
1309 1039 1345 1071 et
1380 1035 1557 1073 fecundet

1064 1091 1190 1128 Corda
1222 1096 1351 1128 nostra
1382 1093 1516 1141 gratia,

1006 1147 1057 1186 Ut
1099 1148 1281 1185 virtutum
1313 1147 1436 1186 ferant
1469 1148 1634 1186 fructum

1060 1204 1302 1251 Expellendo
1334 1205 1437 1243 vitia.

1009 1314 1235 1350 Innocenter
1266 1317 1301 1348 et
1333 1313 1542 1359 prudenter

1063 1369 1141 1406 Fac.
1171 1380 1238 1406 nos
1271 1375 1405 1406 cuncta
1436 1380 1579 1417 gerere,

1006 1427 1062 1464 Ne
1098 1425 1323 1472 phantasma
1354 1431 1458 1463 tuum
1489 1427 1635 1475 plasma

1060 1483 1184 1521 Possit
1214 1483 1332 1520 ullum
1366 1481 1514 1520 fallere.

944 1593 971 1628 ².
1004 1591 1084 1629 Fac
1105 1601 1164 1627 me
1187 1596 1336 1628 cautum
1353 1596 1465 1638 atque
1483 1603 1639 1639 promp-

1299 1652 1376 1684 tum

1062 1706 1106 1742 In
1139 1704 1208 1741 hoc
1240 1705 1339 1742 vitae
1371 1705 1507 1742 stadiO.

1004 1762 1054 1799 Ut
1087 1771 1158 1808 per
1189 1760 1297 1798 fletus
1330 1760 1437 1798 fruar
1467 1762 1592 1799 laetus

1059 1818 1233 1855 Summae
1264 1819 1370 1867 pacis
1404 1818 1548 1858 braviO.

630 1977 912 2024 Rhythmus
952 1977 1062 2017 XIV.

180 2085 297 2124 Stella
328 2085 455 2128 maris,
487 2085 689 2132 singularis

235 2142 364 2179 Mater
395 2141 654 2191 excellentiae,

175 2200 280 2246 Quae
301 2202 389 2245 post
409 2203 537 2235 natum
554 2199 810 2245 principatum

234 2255 356 2292 Tenes
389 2255 661 2294 sanctimoniae

174 2362 400 2408 Mediatrix,
432 2363 568 2399 summi
599 2363 720 2409 patris

229 2419 290 2456 Ex
327 2430 400 2466 qua
431 2419 534 2456 nasci
566 2420 714 2466 genitus

170 2477 241 2514 Est
259 2476 298 2513 di
311 2481 459 2523 gnatus,
485 2487 554 2522 per
571 2487 680 2523 quem
700 2476 809 2513 datus

227 2533 300 2570 Est
335 2533 383 2570 ad
415 2533 531 2569 vitam
563 2533 721 2570 reditus.

171 2640 277 2687 Roga
309 2639 512 2684 Christum,
545 2644 583 2677 ut
614 2640 783 2677 auditum

228 2696 423 2734 Praebens
454 2701 491 2734 te
523 2697 733 2734 colentibus

172 2753 250 2790 Nos
282 2753 463 2800 gubernet
496 2758 533 2790 et
568 2759 726 2791 exornet

228 2809 387 2847 Gratiae
418 2810 648 2850 muneribus.

928 2088 965 2124 4.

928 2366 964 2400 ἶ).

1000 2085 1112 2122 Salve
1144 2085 1262 2132 virgo.
1296 2095 1391 2131 quae
1421 2096 1487 2122 nos
1519 2086 1606 2132 iugo

1054 2142 1265 2179 Absolvisti
1300 2142 1478 2191 criminis,

997 2199 1076 2243 Quo
1107 2199 1239 2244 ligavit
1271 2209 1338 2235 uos
1372 2203 1408 2234 et
1440 2199 1574 2236 stravit

1056 2255 1174 2291 Primi
1205 2255 1334 2301 lapsus
1368 2254 1541 2293 hominis.

999 2363 1102 2400 Iesse
1136 2362 1255 2409 virga,
1288 2362 1408 2399 omnis
1436 2363 1563 2410 lingua

1054 2418 1178 2456 Debet
1210 2424 1246 2455 te
1276 2420 1486 2466 percolere,

997 2475 1084 2512 Tibi
1115 2480 1245 2523 gentes
1279 2476 1415 2513 debent
1450 2481 1577 2523 grates

1055 2533 1182 2579 Atque
1212 2533 1345 2570 laudes
1377 2533 1551 2573 reddere.

919 2642 941 2679 6
949 2672 957 2681 .
988 2640 1085 2677 Nam
1096 2639 1184 2677 dum
1194 2639 1348 2677 verbum
1357 2640 1628 2687 sempiternum

1047 2696 1188 2734 Summi
1221 2697 1343 2744 patris
1375 2707 1545 2743 generas,

992 2754 1073 2790 Tuo
1105 2758 1218 2800 partu
1247 2765 1268 2790 a
1300 2759 1407 2790 reatu

1050 2810 1129 2848 Nos
1164 2810 1318 2856 antiquo
1349 2809 1501 2847 liberas,

1342 2873 1414 2907 29*
