1785 3111
776 78 1085 118 -546—

459 245 541 281 372.
579 246 637 288 (1.)
672 246 730 280 De
756 245 1030 289 conceptione
1056 245 1200 280 beatae
1226 244 1396 280 Mariae.

768 317 928 357 Hymnus
954 316 1103 347 Primus.

429 409 465 448 1.
516 408 653 445 Rerum
687 406 793 444 frena
824 412 956 444 tenens
988 407 1162 444 conditor
1193 408 1370 451 omnium,

516 465 651 501 Portus
684 462 883 512 naufragii,
919 464 1054 501 dextra
1084 464 1306 509 natantium,

513 521 571 558 De
602 521 712 557 stella
743 520 901 557 rutilans
933 520 989 557 sol
1020 520 1102 557 sine
1132 520 1309 568 motibus,

651 577 770 614 Nobis
802 587 912 624 surge
944 576 1183 616 cadentibus

433 694 469 730 2.
519 691 651 729 Virtus
683 691 933 738 omnipotens,
968 700 1058 727 vera
1089 689 1260 734 scientia,

518 748 736 786 Perdurans
768 747 932 795 bonitas,
964 746 1136 784 omnibus
1168 747 1307 793 omnia,

517 804 674 842 Stellam
705 804 813 840 mitte
843 807 947 840 tuam
980 807 1091 840 nocte
1124 803 1323 852 viantibus,

662 861 764 906 Quae
796 860 844 896 sit
878 860 967 907 dux,
1000 860 1059 897 via
1091 859 1296 907 gressibus.

435 976 471 1013 3.
518 973 645 1011 Floris
674 973 865 1020 principio
896 977 1008 1020 prata
1038 973 1201 1010 virentia

517 1031 619 1067 Dant
651 1031 767 1066 risum
800 1030 927 1077 genito
958 1028 1050 1067 flore
1081 1029 1262 1075 recentia,

517 1087 669 1124 Gaudet
700 1090 822 1123 mater
851 1087 997 1136 humus,
1032 1087 1169 1133 gaudet
1203 1091 1239 1122 et
1270 1086 1394 1122 incola

653 1144 847 1190 Concepta
877 1143 952 1179 sibi
982 1143 1165 1180 vermula.

431 1249 467 1284 4.
514 1246 667 1293 MatriS,
701 1245 865 1295 Christe,
899 1250 986 1282 tuae
1018 1243 1116 1282 festa
1147 1244 1359 1282 colentibus

517 1302 694 1349 Purgatis
726 1302 872 1339 tribuas
904 1302 1061 1339 aethera
1091 1301 1281 1347 sordibus,

516 1359 675 1396 Laetum
708 1359 827 1396 redde
860 1359 972 1408 diem,
1005 1369 1078 1405 quo
1110 1369 1197 1395 rosa
1228 1358 1406 1404 gignitur.

658 1416 746 1453 Flos
778 1414 912 1453 florum
939 1415 1010 1452 tibi
1043 1415 1222 1462 pingitur.

432 1520 471 1556 5.
521 1517 753 1554 Promissam
785 1517 953 1554 canimus
985 1517 1098 1554 laude
1129 1517 1365 1563 prophetica,

519 1574 622 1619 Quae
653 1574 717 1610 lux
750 1578 807 1610 est
837 1574 986 1611 miseris
1017 1574 1203 1620 stellaque
1235 1574 1396 1622 nautica,

518 1630 631 1667 Lucis
663 1630 893 1677 principium
924 1642 1011 1667 mox
1043 1631 1133 1667 colit
1165 1629 1306 1679 infima,

653 1687 711 1723 Ne
742 1698 816 1724 nox
847 1688 930 1725 luce
961 1687 1011 1724 sit
1042 1687 1187 1725 ultima.

433 1790 471 1828 6.
520 1789 646 1827 Udam
680 1786 764 1825 fons
796 1788 909 1825 hodie
939 1788 1060 1825 dulcis
1092 1788 1245 1825 humum
1278 1787 1383 1836 facit,

521 1844 691 1881 Granum
722 1845 892 1882 laetitiae
923 1845 1046 1883 cultor
1077 1845 1179 1882 humi
1210 1845 1312 1891 iacit,

523 1900 694 1938 Phoenix
725 1901 939 1948 concipitur
968 1902 1086 1948 lapsis
1119 1906 1155 1938 et
1185 1902 1297 1938 unica

655 1957 821 2004 Lampas
852 1958 1029 2004 scalaque
1061 1958 1215 1997 caelica.

436 2061 471 2099 7.
524 2059 675 2107 Mundi,
710 2059 873 2109 Christe,
907 2059 1009 2096 salus
1036 2069 1204 2106 rveraque
1234 2059 1404 2107 physica,

518 2115 621 2154 Falli
652 2115 872 2153 vulneribus
902 2116 1030 2153 nescia
1059 2117 1242 2164 practica,

521 2173 739 2218 Conceptae
770 2172 914 2209 meritis
945 2172 1111 2219 pectoris
1143 2173 1272 2209 ulcera

646 2229 824 2276 Mundes,
856 2228 919 2275 qui
950 2229 1048 2276 regis
1079 2230 1247 2269 aethera,

246 2341 333 2371 Clm.
352 2343 533 2372 Monacen.
558 2339 658 2374 6911.
684 2351 773 2373 saeC.
803 2339 854 2372 13.
879 2341 920 2372 A.
947 2359 990 2363 —
1017 2341 1100 2373 Cod.
1118 2342 1234 2373 Palat.
1251 2342 1495 2374 Vindobonen.
1517 2339 1616 2373 3121.
1636 2351 1724 2374 saec.

157 2385 208 2418 15.
239 2387 277 2418 B.
307 2403 350 2407 —-
378 2386 411 2424 1,
443 2384 463 2417 2
490 2387 583 2418 Pons
613 2390 692 2428 post
723 2388 897 2428 naufragii
924 2387 964 2417 B.
994 2405 1039 2408 —
1067 2385 1103 2425 1,
1139 2386 1158 2418 2
1184 2388 1380 2419 notantium
1406 2388 1445 2418 B.
1471 2404 1514 2409 —
1540 2385 1578 2425 2,
1612 2385 1629 2418 1
1655 2397 1725 2419 una

155 2432 301 2463 scientia
326 2432 364 2462 B.
398 2449 441 2452 »-
465 2429 496 2469 2,
522 2429 542 2463 3
569 2432 679 2465 Stella
704 2432 744 2464 A.
769 2450 813 2453 —
840 2430 871 2470 3,
898 2430 918 2463 2
944 2433 1014 2463 Dat
1038 2432 1077 2463 B.
1103 2450 1147 2454 —
1172 2431 1202 2471 3,
1232 2431 1252 2464 3
1278 2433 1363 2464 iiber
1388 2433 1501 2464 mater
1525 2434 1576 2465 als
1600 2432 1725 2465 Glosse

151 2475 279 2514 Anna,
314 2478 399 2508 iiber
433 2475 553 2508 incola
586 2478 714 2509 ebenso
743 2474 910 2508 Joache'm
937 2477 978 2509 A.
1010 2494 1054 2498 ——
1086 2475 1125 2515 3,
1151 2476 1173 2508 4
1198 2478 1245 2510 Et
1278 2482 1445 2519 concepta
1477 2478 1543 2509 sibi
1572 2478 1621 2518 A;
1649 2478 1725 2510 Sibi

154 2526 321 2563 concepta
338 2523 376 2552 B.
402 2539 443 2543 —
463 2523 530 2554 Str.
556 2521 577 2553 4
603 2523 656 2553 bis
683 2521 701 2553 7
726 2522 841 2554 fehlen
859 2523 897 2553 B.
918 2540 962 2543 —
979 2520 1009 2561 7,
1031 2520 1052 2553 2
1069 2524 1180 2554 nescit
1199 2525 1353 2565 practica
1369 2524 1408 2554 A.
1427 2540 1471 2544 —
1488 2523 1550 2555 Als
1569 2523 1723 2565 Beispiel

154 2568 209 2599 fiir
241 2567 302 2598 das
327 2567 477 2598 Meti-um
513 2568 770 2609 asclepiadeum
800 2568 1074 2599 choriambicum
1102 2572 1161 2608 „ut
1186 2570 1222 2599 in
1247 2568 1313 2600 hoc
1339 2569 1479 2609 hymno,
1504 2579 1606 2610 quem
1632 2578 1723 2600 com-

156 2613 257 2654 posui
291 2612 332 2643 de
365 2614 589 2654 conceptione
623 2613 745 2645 beatae
778 2614 913 2644 Mariae
945 2614 1104 2655 virginis
1163 2614 1259 2653 Quae
1296 2615 1476 2655 conceptio
1510 2614 1724 2656 intellegitur

155 2656 387 2689 sanctificatio
419 2658 456 2688 in
481 2656 611 2689 utero“.
660 2657 758 2689 Nach
784 2658 860 2690 dem
889 2659 1066 2699 Hymnus:
1103 2659 1255 2699 „Cantus
1281 2659 1384 2690 huius
1411 2659 1530 2700 hymni
1555 2659 1646 2691 idem
1672 2662 1724 2690 est

154 2713 232 2734 cum
265 2706 369 2734 cantu
402 2702 504 2734 huius
530 2702 668 2742 hymni,
700 2705 759 2744 qui
786 2705 837 2734 sic
861 2704 1001 2745 incipit:
1029 2700 1245 2735 Sanctorum
1269 2702 1406 2736 meritis
1434 2702 1562 2736 inclita
1584 2701 1722 2745 yaudia

156 2746 240 2780 etc.“
279 2749 319 2780 A.
344 2765 387 2769 —
405 2748 560 2779 Zarncke
586 2758 616 2779 a.
643 2758 674 2779 a.
692 2748 731 2778 O.
759 2748 793 2779 S.
820 2745 862 2779 78
887 2759 919 2779 u.
946 2749 967 2783 f,
988 2751 1055 2780 Str.
1093 2747 1108 2780 1
1135 2750 1189 2781 bis
1215 2746 1253 2789 33
1281 2750 1376 2781 seine
1394 2749 1517 2789 Quelle
1541 2750 1622 2782 liest
1640 2749 1723 2781 aber

159 2791 190 2831 2,
217 2791 232 2824 1
260 2792 367 2830 nicht,
393 2803 464 2824 was
491 2803 527 2824 er
552 2794 589 2824 in
614 2793 668 2824 ihr
691 2794 831 2834 gelesen
857 2793 927 2825 hat.
