1785 3111
117 1073 137 1108 5

89 1355 139 1392 10

87 1637 137 1676 15

85 1923 137 1960 20

85 2207 136 2244 25

714 59 1025 99 -577—

175 173 262 204 Was
294 173 358 204 wir
387 182 450 204 aus
474 172 552 204 dem
579 172 758 214 Gesagten
782 182 824 204 zu
849 172 983 214 folgern
1008 172 1141 212 haben,
1176 174 1222 205 ist
1249 172 1341 204 wohl
1366 172 1458 205 dies:
1494 173 1568 204 Das
1594 173 1660 205 Ge-

86 216 185 248 dicht
207 216 314 249 findet
338 217 413 249 sich
439 221 509 249 erst
532 219 569 249 in
594 218 718 259 spaten
742 217 1017 249 Handschriften
1042 219 1106 250 mit
1132 218 1210 250 dem
1235 219 1372 250 Namen
1396 219 1661 250 Bonaventuras

86 263 124 293 in
147 263 377 305 Verbindung
407 262 585 304 gebracht.
634 262 695 294 Ich
720 263 934 295 meinesteils
960 264 1076 295 wiirde
1101 264 1194 295 mich
1219 263 1317 295 nicht
1341 263 1526 303 wundern,
1560 274 1660 295 wenn

85 307 175 339 auch
201 308 314 340 dieses
338 308 428 340 Lied
452 309 508 340 Pe
522 308 682 340 ckham
708 308 888 350 angehort,
914 318 958 340 an
984 309 1107 341 dessen
1126 310 1191 341 Art
1208 309 1279 341 und
1298 310 1416 341 VVeise
1435 320 1470 341 es
1487 309 1662 351 gemahnt.

85 354 164 385 Wir
188 353 303 386 haben
327 353 410 385 aber
435 354 539 386 keine
564 353 911 395 durchschlagenden
930 354 1084 391 Grande,
1110 365 1146 386 es
1173 365 1234 386 aus
1253 354 1314 387 der
1338 356 1436 386 Liste
1454 354 1514 386 der
1531 354 1661 387 Werke

85 399 349 431 Bonaventuras
379 410 423 431 zu
453 399 642 438 streichen,
675 399 825 431 sondern
856 400 993 432 werden
1018 400 1184 443 richtiger
1209 404 1287 438 tun,
1322 400 1504 439 dasselbe,
1539 402 1661 432 immet

85 445 149 475 mit
172 444 234 476 der
256 445 400 487 notigen
424 445 585 483 Reserve,
609 445 687 477 dem
711 444 1011 477 herkommlichen
1035 446 1218 478 Verfasser
1247 456 1289 477 zu
1314 446 1488 478 belassen.

355 646 437 681 384.
471 647 528 689 (4.)
563 647 621 682 De
647 648 800 692 septem
825 647 966 684 Verbis
992 648 1076 683 DN.
1103 648 1195 683 Iesu
1222 647 1393 683 Christi.

662 729 854 760 Primum
886 729 1035 761 Verbu
1050 740 1093 761 m.

172 844 272 891 Iesu,
304 843 437 881 salutis
467 843 603 891 hostia,

174 900 316 937 Salutis
347 899 588 946 sacrificium,

171 957 269 1004 Iesu,
301 957 434 994 salutis
465 956 599 1005 gratia,

171 1013 311 1050 Salutis
344 1011 579 1056 beneficium,

171 1071 269 1119 Iesu,
301 1073 383 1107 tuta
412 1068 565 1117 fiducia,

171 1128 272 1176 Iesu,
305 1130 428 1164 tutum
457 1125 657 1174 refugium.

170 1184 228 1222 Tu
255 1194 326 1230 pro
356 1184 519 1220 humano
550 1193 698 1231 genere,

170 1240 223 1279 Ut
254 1240 446 1287 captivum
478 1239 698 1287 redimeres,

167 1296 226 1334 Tu
254 1308 325 1344 pro
355 1297 518 1334 humano
550 1295 720 1346 foedere,

173 1354 225 1393 Ut
256 1353 423 1391 exsulem
454 1353 669 1401 reduceres,

172 1411 230 1448 Tu
261 1421 331 1457 pro
361 1410 524 1447 humano
556 1410 711 1459 scelere,

175 1467 314 1514 Calpas
345 1470 495 1504 nostras
525 1471 567 1503 ut
596 1467 764 1515 tolleres,

171 1524 229 1561 Tu
261 1535 329 1571 pro
363 1523 492 1561 divino
522 1534 690 1572 munere,

171 1580 224 1619 Ut
253 1591 321 1618 nos
349 1580 432 1618 Deo
463 1581 721 1630 coniungeres,

172 1636 257 1675 Non
289 1638 473 1674 recusasti
504 1637 667 1681 vincula,

171 1694 256 1732 Non
286 1693 450 1741 flagella,
481 1705 555 1731 non
587 1694 764 1741 verbera,

171 1751 257 1788 Non
286 1751 477 1788 latronum
508 1750 693 1799 patibula,

174 1808 259 1845 Non
291 1808 444 1854 livores,
476 1818 551 1844 non
579 1808 758 1856 vulnera;

169 1864 245 1902 Sed
277 1864 364 1901 dum
395 1868 434 1900 te
465 1874 557 1901 crux
588 1865 798 1911 susciperet

168 1921 219 1958 Et
250 1920 371 1957 hostis
400 1921 440 1957 in
471 1925 509 1957 te
541 1920 732 1968 fremeret,

170 1978 268 2015 Dum
300 1977 459 2014 malleus
488 1982 718 2029 percuteret,

169 2035 221 2071 Et
252 2035 380 2071 clavus
415 2045 567 2072 carnem
598 2035 805 2084 scinderet,

169 2091 269 2128 Dum
300 2101 450 2128 sensum
483 2091 592 2128 dolor
622 2096 779 2139 angeret

167 2147 220 2185 Et
250 2158 358 2185 sacer
389 2148 541 2195 sanguis
571 2147 718 2197 flueret,

172 2204 268 2241 Dum
299 2205 427 2252 passio
458 2208 495 2241 te
525 2210 715 2253 premeret

168 2261 429 2308 Angustiaque
461 2267 660 2307 cresceret,

996 844 1146 880 Patrem
1178 843 1320 891 rogasti
1352 843 1542 890 precibus,

996 901 1047 939 Ut
1078 905 1269 948 tamquam
1299 899 1560 947 ignorantibus

995 957 1086 994 Tuis
1116 958 1286 1005 ignoscat
1318 957 1490 994 hostibus

911 1015 962 1051 30
995 1015 1055 1051 Ac
1085 1018 1123 1051 te
1156 1013 1474 1063 crucifigentibus,

996 1070 1203 1108 Dicens:
1235 1071 1364 1117 Pater,
1398 1069 1551 1118 iynosce
1571 1069 1661 1115 illis,

995 1127 1089 1174 quia
1128 1127 1324 1177 nesciunt,
1365 1127 1460 1174 quid
1498 1127 1663 1174 faciunt.

1136 1209 1158 1233 ²1<
1420 1209 1442 1232 *

1278 1242 1299 1265 >k

997 1299 1026 1337 Ο
1058 1298 1160 1335 mitis
1192 1298 1388 1345 patientia,

997 1356 1027 1393 Ο
1059 1359 1255 1392 mansueta
1286 1355 1440 1399 mititaS,

999 1412 1028 1450 Ο
1060 1412 1241 1448 immensa
1274 1412 1487 1457 clementia,

993 1469 1023 1507 Ο
1051 1469 1235 1505 immensa
1266 1468 1489 1515 benignitas,

909 1527 960 1563 35
992 1525 1064 1572 Qui
1092 1530 1133 1562 ut
1163 1526 1244 1562 ovis
1276 1525 1474 1562 mitissima

994 1583 1081 1620 Non
1113 1582 1255 1630 promis
1285 1582 1570 1629 querimoniam,

995 1640 1062 1686 Qui
1095 1643 1137 1676 ut
1167 1644 1289 1676 mater
1321 1639 1516 1676 carissima

996 1697 1075 1733 Iam
1108 1706 1266 1733 excusas
1298 1696 1487 1745 iniuriam,

995 1754 1049 1792 Ut
1079 1753 1205 1790 anima
1234 1752 1453 1789 dulcissima

908 1810 960 1847 40
994 1810 1116 1847 Tenes
1149 1809 1466 1855 benevolentiam,

993 1866 1045 1905 Ut
1075 1867 1251 1903 voluntas
1283 1866 1455 1913 piissima

993 1924 1170 1960 Praestas
1202 1923 1517 1960 misericordiam.

991 1981 1055 2018 Ad
1086 1985 1123 2017 te
1154 1979 1261 2017 vadit
1293 1990 1380 2026 spes
1412 1980 1574 2027 animae,

990 2037 1054 2074 Ad
1087 2041 1125 2074 te
1158 2037 1323 2074 clamant
1354 2036 1535 2082 suspiria,

908 2095 959 2132 45
992 2094 1056 2131 Ad
1087 2098 1125 2130 te
1158 2094 1365 2130 decurrunt
1395 2093 1587 2142 lacrimae,

993 2151 1047 2187 Te
1079 2150 1233 2196 pulsant
1265 2148 1455 2186 desideria

994 2206 1241 2244 Confidenter
1271 2205 1458 2243 dicentia:

995 2260 1157 2310 Ignosce
1188 2262 1311 2310 nobis,
1347 2262 1521 2300 Domine.

638 2452 873 2484 Secundum
902 2453 1107 2485 Verbum.

169 2558 267 2603 Iesu,
300 2556 459 2603 largitor
488 2556 633 2606 veniae,

172 2610 274 2661 Iesu,
307 2613 474 2650 solamen
505 2614 682 2659 tristium,

172 2666 273 2715 Iesu,
303 2670 386 2707 laus
417 2670 683 2716 paenitentiae,

173 2726 270 2775 Iesu,
302 2736 389 2772 spes
421 2727 708 2773 paenitentium,

117 2783 138 2819 5
171 2782 269 2819 Dum
301 2783 487 2829 penderes
518 2784 695 2820 innoxius

157 2850 328 2884 Dreves,
353 2851 560 2879 Lateinische
581 2852 864 2886 Hymnendichter
901 2852 944 2878 ΙΙ.
1414 2848 1456 2882 37

991 2556 1206 2596 Crucifixus
1238 2561 1274 2594 et
1305 2557 1438 2594 anxius

991 2615 1098 2652 Inter
1131 2615 1298 2651 latrones
1330 2614 1488 2661 medius,

990 2671 1139 2708 Horum
1171 2671 1208 2707 in
1240 2681 1362 2717 poena
1393 2670 1528 2719 socius,

991 2728 1088 2764 Dum
1123 2734 1161 2766 te
1191 2739 1287 2765 unus
1318 2732 1494 2773 argueret

906 2784 957 2822 10
990 2784 1041 2821 Et
1072 2785 1190 2822 stulte
1222 2783 1531 2833 reprehenderet,
