1785 3111
702 89 898 131 —463
962 115 1010 120 -

91 199 147 235 30.
173 202 270 242 Quae
298 206 350 235 est
374 203 443 234 ista
469 203 580 235 sancti
607 203 695 235 cista
911 202 966 236 3l.
994 204 1106 236 Mater
1131 206 1207 244 Dei,
1234 205 1322 237 habe
1349 207 1417 237 mei

215 247 262 279 Et
287 250 356 280 utri
382 250 599 280 sacrarium?
1038 251 1078 281 In
1104 254 1212 282 morte
1238 253 1449 290 memoriam,

168 294 280 325 Miror
304 296 448 325 matrem
476 295 586 326 Deum
614 297 747 335 patrem
990 296 1076 327 Iube
1102 300 1194 330 nato.
1220 307 1263 328 ne
1290 301 1409 328 renato

214 339 413 371 Habentem
438 343 473 371 et
496 338 616 370 filium.
1036 341 1125 372 Mihi
1152 346 1255 383 neget
1278 343 1428 376 veniam.

74 418 142 450 Str.
176 415 219 449 31
252 418 321 450 und
355 416 399 451 32
431 419 547 462 fehlen
572 420 612 450 B.
638 437 683 440 -
706 416 768 457 31,
806 418 821 451 1
848 419 982 452 habens
1007 421 1201 453 AGHIKO.
1230 438 1269 442 -
1296 420 1359 460 31,
1390 419 1411 454 3
1437 422 1525 454 Eius
1550 425 1649 463 gesta

72 463 115 495 L.
140 481 184 486 —
208 460 271 502 32,
309 462 324 495 1
351 464 428 496 Tua
453 466 528 496 vita
552 466 594 497 N.
624 483 664 487 —
690 462 744 504 32,
771 463 792 496 2
817 476 867 507 sq.
897 465 1013 498 fehlen
1038 467 1078 500 A.
1104 485 1148 487 —
1173 465 1232 502 32,
1266 464 1287 498 3
1313 468 1387 499 Tua
1413 471 1512 509 gesta
1538 468 1580 499 N.
1605 485 1649 489 —

72 506 128 547 32,
153 506 176 540 4
200 509 345 541 Cunctis
370 510 626 542 admirantibus
652 511 722 543 LO.
749 529 791 533 —-
818 508 872 549 33,
898 509 920 542 2
945 515 998 542 est
1015 512 1176 544 BGHIK.
1202 532 1244 535 —
1270 510 1324 550 33,
1350 510 1370 544 3
1396 514 1530 545 cunetis
1559 515 1648 544 rosis

73 554 122 593 Ο,
147 555 237 586 rosis
263 554 352 586 fehlt
375 556 415 588 L.
443 573 485 576 —-
510 553 575 595 35,
606 555 621 588 1
650 555 751 587 Felix
775 556 885 588 lectus
912 556 962 595 A,
989 557 1137 589 Sanetus
1163 562 1284 599 pectus
1311 559 1349 589 O.
1375 576 1420 579 ——
1445 556 1499 598 35,
1528 556 1548 590 2
1574 556 1649 590 Rex

72 601 242 631 virtutum
267 600 550 641 ABGDHKMO,
587 602 699 633 tacuit
723 603 763 633 A.
789 619 833 623 ——
857 600 911 641 35,
937 600 958 633 3
984 602 1083 634 Felix
1109 608 1218 635 mater
1243 604 1290 636 L:
1325 614 1414 645 quae
1440 605 1482 635 K.
1509 622 1553 625 —
1581 604 1647 636 Str.

70 642 115 677 35
140 645 211 676 und
235 642 280 678 36
303 647 504 688 umgestellt
520 647 567 678 M.
593 664 635 668 -—
654 643 707 684 36,
736 645 751 678 1
771 647 893 679 Almus
916 648 1013 678 sinus
1033 649 1080 687 Ο,
1107 649 1207 679 Felix
1224 652 1355 689 venter,
1374 660 1442 691 quo
1461 650 1649 682 elementer

71 690 119 722 M.
144 709 187 713 —
213 688 267 730 36,
293 689 313 722 2
338 702 407 730 qua
423 693 457 725 1:
484 692 642 724 Christus
668 696 721 724 est
744 692 971 725 absconditus
991 694 1038 724 M.
1059 711 1103 715 —-
1124 691 1177 727 37,
1208 694 1221 724 1
1251 694 1371 725 thorus
1399 699 1503 737 atque
1519 695 1644 726 chorus

72 737 111 768 13.
139 754 183 757 —-
207 734 261 775 37,
288 734 309 768 3
337 738 446 777 Quam
473 738 691 770 ABCDGIL.
717 756 759 760 —
784 738 883 770 Nach
909 738 976 770 Str.
1003 736 1047 770 37
1073 739 1208 770 sehiebt
1235 740 1262 771 C
1288 741 1362 770 ein:

549 818 579 849 O
605 822 763 849 sacratae
789 821 823 849 et
847 819 970 850 beatae

596 863 722 895 Manus
748 867 852 905 atque
874 864 1029 902 brachia,

550 909 648 948 Quae
674 913 845 950 paverunt
870 912 904 940 et
928 913 1113 946 vexerunt,

594 954 662 985 Per
687 964 790 995 quam
816 955 935 996 vigent
962 956 1091 986 omnia.

68 1029 132 1070 38,
158 1030 179 1064 3
205 1033 271 1072 Qui
296 1032 356 1064 dat
379 1032 428 1071 G?
462 1033 611 1064 fructum
637 1033 762 1064 DFIK.
788 1050 833 1054 ——
856 1030 916 1074 38,
951 1031 972 1064 4
996 1034 1148 1065 Pascens
1175 1034 1214 1067 O.
1241 1052 1284 1055 —<
1309 1032 1370 1072 39,
1400 1032 1415 1065 1
1442 1035 1512 1066 Fae
1538 1036 1573 1066 in
1599 1035 1647 1073 D,

70 1078 112 1110 In
142 1077 208 1109 hae
232 1078 271 1110 Ο.
307 1095 347 1099 —
381 1075 443 1116 39,
476 1076 497 1109 3
524 1078 583 1111 Sic
610 1079 684 1111 DO.
718 1095 763 1100 -—
797 1076 856 1116 40,
891 1077 906 1110 1
935 1080 1004 1110 Hie
1029 1080 1255 1118 BCFHIKL;
1293 1081 1385 1111 Hine
1411 1083 1536 1112 natura
1561 1080 1647 1118 ΘΜ,

69 1123 168 1155 Haec
205 1126 331 1155 natura
364 1123 410 1163 Ο,
443 1125 536 1155 vinei
572 1126 641 1155 iam
667 1125 708 1156 K.
743 1141 785 1147 -—-
818 1122 880 1164 40,
914 1122 935 1155 3
962 1124 1068 1156 Cuius
1102 1136 1186 1156 usus
1220 1129 1271 1157 est
1297 1126 1344 1165 Α,
1379 1136 1506 1157 exusus
1532 1127 1570 1157 B.
1604 1143 1649 1147 ——-

67 1168 167 1200 Naoh
196 1170 264 1202 Str.
293 1166 338 1201 40
363 1168 499 1201 sehiebt
524 1170 559 1201 M
586 1170 661 1201 ein:

599 1250 697 1281 Felix
724 1251 831 1290 sinus,
858 1261 927 1292 quo
953 1250 1094 1281 divium

636 1296 825 1336 Requievit
850 1297 1005 1337 spiritus,

592 1341 694 1372 Felix
719 1341 803 1372 ulna
830 1342 893 1372 sub
920 1342 1077 1372 mamilla

642 1386 800 1417 Christus
826 1387 917 1418 iacet
943 1387 1098 1418 inieltus.

65 1472 121 1513 42,
152 1474 166 1506 1
193 1476 318 1518 Meque
346 1486 486 1508 caecum
512 1477 566 1516 M,
594 1477 704 1508 Istum
729 1480 865 1509 coetum
883 1477 961 1509 DK.
986 1494 1028 1498 —-
1055 1475 1110 1515 42,
1136 1476 1156 1509 2
1183 1478 1360 1519 praesidio
1379 1479 1450 1510 BG.
1477 1495 1521 1499 -
1545 1476 1599 1515 42,
1624 1476 1646 1508 4

70 1520 213 1553 Gratam
245 1525 304 1553 tuo
329 1522 376 1562 Θ,
414 1522 522 1555 Gesta
555 1526 615 1554 tuo
641 1523 689 1563 L;
723 1523 866 1555 Gestam
901 1526 961 1554 tuo
988 1523 1027 1553 B.
1062 1540 1105 1544 —-
1138 1522 1198 1558 43,
1234 1522 1254 1554 2
1290 1524 1509 1565 spiritalibus
1536 1523 1576 1555 A.
1602 1541 1645 1544 —-

70 1563 131 1603 43,
157 1563 178 1598 3
204 1567 305 1598 Dona
332 1567 458 1609 pignus
485 1567 594 1599 LMO.
622 1587 664 1590 —
689 1566 744 1607 45,
773 1566 788 1599 1
815 1568 869 1600 Ae
894 1579 1046 1599 meorum
1075 1570 1113 1601 O.
1140 1587 1184 1589 —
1208 1567 1262 1607 45,
1289 1567 1310 1600 3
1341 1570 1387 1601 Ut
1413 1569 1587 1600 lactent-ur
1612 1573 1644 1600 et

70 1611 252 1643 solvantur
275 1614 315 1643 B.
349 1629 392 1634 --
416 1611 478 1650 45,
513 1611 535 1645 4
560 1613 613 1645 Ab
640 1614 734 1644 omni
760 1614 872 1645 BMN.
897 1631 941 1634 —
966 1611 1029 1652 46,
1063 1612 1083 1645 2
1108 1615 1233 1646 Preces
1259 1618 1399 1646 nostras
1427 1614 1643 1647 BDGHKM.

67 1654 130 1695 46,
161 1654 182 1688 3
207 1657 255 1689 Et
286 1658 329 1690 de
360 1658 479 1695 malis,
515 1659 679 1700 specialis
705 1659 746 1691 N.
773 1675 815 1680 —
840 1657 905 1697 46,
938 1657 959 1690 4
985 1659 1182 1691 Clementer
1206 1670 1268 1691 nos
1294 1661 1337 1693 Ρη
1371 1660 1479 1701 Virgo
1507 1670 1642 1691 servum

70 1703 166 1744 eripe
190 1703 232 1735 N.
265 1720 310 1725 ——
335 1703 402 1735 Str.
436 1702 479 1735 47
517 1704 603 1736 fehlt
628 1705 702 1736 LN.
729 1722 770 1725 —
796 1703 858 1742 47,
892 1702 913 1735 2
938 1705 1028 1736 alme
1054 1706 1199 1746 spiritus
1224 1706 1355 1740 BFGO,
1383 1723 1422 1726 —
1449 1703 1512 1744 47,
1548 1703 1568 1737 3
1593 1705 1645 1736 Ad

6 1738 14 1748 ⁸
68 1749 103 1779 te
136 1757 236 1780 mane
268 1760 332 1781 neo
364 1760 433 1781 non
467 1759 551 1781 sane
577 1750 616 1782 O.
651 1767 694 1771 —-
727 1748 789 1789 47,
823 1748 845 1781 4
869 1751 965 1781 Deus
999 1760 1088 1782 unus
1115 1751 1255 1783 saecula
1280 1751 1355 1793 ssF3
1391 1751 1490 1782 Meus
1524 1754 1645 1792 pergat

67 1793 183 1825 exitus
209 1794 247 1828 Ο.
276 1812 319 1816 -
343 1794 444 1826 Naeh
470 1796 538 1828 Str.
564 1793 608 1827 47
634 1795 770 1827 sehiebt
795 1797 822 1828 B
847 1796 922 1827 ein:

104 1870 133 1904 l.
159 1872 188 1904 Ο
213 1874 337 1912 Maria,
363 1873 465 1905 stella
489 1875 606 1913 maris,
927 1872 959 1909 4.
986 1874 1052 1906 Sed
1080 1877 1139 1916 qui
1165 1879 1308 1906 matrem
1335 1875 1549 1917 deprecatur,

159 1919 350 1961 Naviganti
376 1919 551 1959 salutaris,
984 1918 1143 1952 Christus
1170 1932 1247 1952 eum
1272 1922 1468 1960 miseratur,

159 1964 188 1996 O
213 1965 337 2002 Maria,
363 1965 452 1996 caeli
477 1968 588 2006 porta,
983 1966 1155 2007 Splendor
1180 1967 1288 2007 patris
1315 1967 1517 2008 coaequalis

160 2009 228 2041 Per
253 2019 356 2051 quam
382 2011 509 2042 mundo
536 2010 595 2042 lux
621 2014 673 2042 est
701 2014 795 2049 orta3
983 2013 1098 2043 Homo
1124 2012 1236 2043 faetus
1262 2016 1314 2043 est
1339 2013 1508 2044 mortalis.

101 2085 133 2119 2.
158 2088 188 2120 O
212 2089 337 2127 Maria,
363 2090 464 2131 virga
488 2090 594 2128 Iesse,
929 2088 959 2121 5.
987 2090 1132 2132 Sumpta
1158 2100 1261 2121 earne
1287 2100 1390 2121 verae
1418 2092 1539 2122 matris

158 2134 275 2176 Digna
301 2135 367 2167 Dei
392 2138 502 2167 mater
527 2145 614 2174 esse,
986 2136 1038 2167 Ex
1064 2146 1181 2167 amore
1206 2137 1273 2167 Dei
1300 2137 1421 2176 patris,

157 2179 256 2219 Quae
280 2180 394 2212 tulisti
418 2190 560 2222 germen
585 2181 717 2212 iustum
986 2182 1035 2214 Ut
1060 2181 1189 2212 deleret
1214 2184 1367 2212 nostram
1394 2180 1530 2212 sordem

156 2225 297 2257 Rubum
324 2236 467 2258 servans
493 2227 769 2266 incombustum,
979 2226 1136 2258 Tradens
1162 2237 1198 2258 se
1224 2226 1493 2258 misericordem.

101 2301 133 2336 3.
159 2305 208 2337 Ut
233 2305 276 2336 ab
306 2305 374 2336 isto
399 2308 470 2336 tam
495 2305 668 2346 benignus
923 2303 954 2336 6.
980 2306 1060 2343 Ora,
1088 2309 1208 2343 mater,
1233 2315 1295 2346 pro
1323 2316 1375 2337 me
1401 2309 1532 2343 natum,

156 2350 354 2388 Invocetur,
378 2360 448 2382 non
473 2354 526 2382 est
551 2350 688 2391 dignus,
980 2351 1136 2382 Poenam
1160 2351 1262 2382 tollat
1287 2356 1319 2382 et
1346 2355 1492 2389 reatum,

159 2394 303 2436 Semper
320 2396 392 2436 egit
416 2395 542 2427 malam
568 2398 689 2434 vitam,
980 2397 1071 2436 Quia
1096 2396 1205 2427 dixit:
1233 2397 1379 2427 Mortem
1408 2397 1499 2437 nolo,

156 2441 273 2472 Vitam
299 2441 425 2472 malam
451 2441 553 2472 malis
580 2442 711 2475 tritam,
980 2442 1179 2472 Peccatoris
1206 2442 1314 2473 vitam
1341 2442 1433 2473 volo.

569 2521 609 2552 In
640 2522 769 2552 virtute
799 2524 940 2552 sanetae
965 2522 1080 2552 crucis

569 2566 735 2608 Sequitur
760 2566 863 2597 stella
888 2570 1007 2598 tantae
1038 2567 1138 2597 lueis.

157 2643 493 2685 Rhythmus'IX.
519 2663 562 2667 —
590 2643 619 2684 1,
648 2643 662 2677 1
690 2646 911 2677 Feminarum
938 2656 1017 2687 spes
1043 2646 1083 2677 L.
1108 2662 1151 2666 —
1181 2644 1208 2684 1,
1234 2644 1255 2677 3
1279 2647 1402 2688 gignes
1429 2646 1467 2676 B.
1492 2661 1536 2667 —
1564 2642 1592 2681 1,
1618 2642 1639 2674 4

67 2687 192 2720 Servat
216 2690 336 2722 mundi
360 2691 431 2723 BG.
459 2709 500 2712 —
526 2689 558 2730 2,
588 2689 604 2722 1
632 2691 739 2723 Porta
766 2691 854 2722 lueis
880 2691 1015 2729 FH1K;
1046 2701 1135 2733 quae
1161 2691 1206 2722 H.
1231 2707 1277 2712 —
1301 2689 1334 2729 2,
1359 2688 1380 2721 2
1406 2690 1530 2722 Salvas
1548 2690 1575 2720 J.
1596 2706 1636 2710 -

67 2730 100 2772 3,
127 2731 143 2765 1
169 2734 291 2767 laudes
316 2738 354 2767 tu
379 2747 468 2778 quae
493 2737 625 2779 gaudes
651 2737 692 2769 O.
717 2754 761 2758 ——
785 2734 816 2776 3,
844 2734 864 2767 2
889 2737 918 2768 Ο
945 2736 1048 2768 beata
1072 2737 1174 2768 nobis
1205 2740 1304 2779 grata
1330 2737 1374 2775 03
1402 2736 1430 2767 O
1456 2736 1557 2766 beata
1584 2739 1637 2765 at-

69 2789 137 2820 que
161 2779 254 2811 dieta
278 2781 318 2812 B.
343 2799 387 2802 —
411 2780 450 2819 4,
476 2781 498 2813 4
522 2792 676 2824 purgans
705 2783 752 2821 B,
785 2782 919 2824 Pul-gas
945 2782 1064 2813 mundi
1090 2782 1128 2813 F.
1156 2799 1195 2803 —
1223 2781 1258 2818 6.
1288 2779 1303 2812 1
1332 2782 1443 2820 Quam
1470 2784 1635 2820 sacratae,

67 2831 169 2865 quam
194 2825 318 2858 beatae
335 2827 563 2859 DGHIKLO.
590 2846 633 2850 —
658 2825 689 2866 6,
714 2825 735 2859 3
761 2831 794 2859 et
818 2831 1000 2866 gesserunt
1017 2828 1057 2860 O.
1075 2845 1118 2850 —
1136 2825 1165 2865 6,
1192 2825 1213 2858 4
1231 2828 1326 2859 vient
1345 2825 1477 2867 (spater
1494 2825 1639 2867 korrig.)
