1785 3111
698 103 1004 144 —443—

82 220 148 259 15.
180 219 238 256 Tu
265 218 689 265 praeclara‚·nunquam
713 230 811 270 rara,

204 286 207 287 ’
236 275 383 314 Cuncta
412 274 714 323 supergrederis,

178 332 281 378 Quae
297 342 367 369 uec
383 335 523 368 tectum
540 341 610 368 nec
625 330 815 369 defectum

234 391 311 427 Aut
343 396 517 426 occasum
549 389 705 434 pateris.

84 492 149 530 16.
181 492 279 530 Tota
309 490 452 527 munda
483 494 520 527 et
550 490 727 541 iucunda,

238 547 335 584 Tota
366 557 405 584 es
435 546 635 594 mirabilis,

181 604 269 641 Tibi
301 604 380 641 vita
410 614 480 641 nec
510 604 642 642 audita

240 661 320 698 Nec
348 664 405 697 est
436 661 515 698 visa
548 661 696 700 similis.

83 763 148 802 17.
183 762 292 800 Cives
323 763 401 810 poli
432 767 518 800 tuae
549 764 649 810 proli

240 819 398 867 Semper
430 824 583 857 cantant
613 820 772 867 gloriam

182 877 417 914 venerantes
449 881 486 912 et
515 876 696 914 mirantes

238 934 356 971 Tuam
389 933 666 974 excellentiam,

83 1036 149 1075 13.
180 1035 411 1083 Angelorum
443 1045 579 1082 nempe
610 1035 763 1073 chorum

236 1092 432 1139 Dignitate
461 1103 632 1140 superam,

178 1149 436 1199 Principatus‚
468 1154 688 1198 potentatus

235 1206 286 1244 Et
318 1206 477 1243 virtutes
510 1212 668 1245 ceteras,

83 1310 147 1348 19.
179 1309 208 1347 O
236 1319 347 1355 quam
376 1313 484 1355 grata
515 1313 551 1345 et
582 1308 695 1345 beata

235 1365 315 1402 Tua
348 1370 405 1402 est
435 1365 637 1402 memoria!

178 1422 360 1460 Actiones
392 1427 428 1459 et
457 1432 649 1459 sermones

238 1478 309 1515 Tui
341 1484 427 1516 sunt
459 1479 639 1517 remedia.

80 1584 145 1621 20.
180 1582 324 1621 Cuncta
354 1584 459 1618 recta
490 1585 527 1618 et
557 1580 743 1629 perfecta,

238 1638 383 1676 Cuncta
413 1641 500 1675 sunt
530 1637 710 1685 salubria„

180 1696 240 1734 Ex
274 1695 332 1732 his
355 1695 468 1741 venit,
501 1705 597 1742 quae
617 1706 685 1732 nos
707 1695 814 1740 lenit,

239 1752 377 1790 Vitalis
409 1750 632 1799 fragrantia.

85 1856 152 1897 21.
185 1854 433 1893 Gratulamur
463 1857 499 1890 et
532 1864 712 1891 conamur

248 1911 399 1948 Laudes
431 1915 514 1947 tuas
547 1921 695 1958 canere,

186 1968 365 2014 Quamvis
396 1972 515 2005 totum
548 1978 612 2005 cor
644 1968 821 2005 devotum

245 2025 420 2071 Nequeat
451 2025 678 2071 exprimere.

90 2129 155 2166 22.
190 2127 252 2166 Sic
284 2132 339 2164 est
374 2127 503 2177 densa,
537 2126 591 2163 sic
621 2127 804 2164 immensa

244 2184 386 2221 Laudis
417 2188 504 2221 tuae
538 2184 658 2231 copia,

186 2240 239 2279 Ut
271 2239 460 2289 profunda
491 2245 526 2277 et
559 2239 724 2277 facunda

245 2297 499 2335 Succumbant
529 2297 689 2344 ingenia.

92 2395 158 2434 23.
190 2394 310 2432 Nemo
327 2394 498 2441 praebet,
517 2398 676 2441 quantas
696 2393 821 2442 debet,

245 2451 397 2488 Laudes
428 2456 513 2488 tuae
544 2450 699 2497 gloriae,

188 2508 265 2554 Qua
298 2508 498 2555 processit,
531 2507 593 2554 qui
625 2506 809 2553 repressit

245 2566 450 2602 Auctorem
482 2564 662 2604 malitiae.

93 2660 157 2698 24.
188 2660 407 2710 Benedicta,
441 2671 537 2708 quae
568 2661 701 2697 relicta

251 2718 357 2754 Vana
389 2716 514 2756 carnis
546 2717 667 2764 gloria

190 2774 443 2811 Aeternorum
471 2774 693 2822 gaudiorum

249 2830 443 2867 Exstitisti
474 2831 617 2869 nuntia.

1141 90 1150 107 ¹3

899 221 966 257 25.
999 219 1241 268 Benedictus,
1274 220 1336 267 qui
1368 218 1546 257 adflictus

1058 276 1188 314 Crucis
1220 277 1258 313 in
1290 276 1462 323 patibulo

1000 333 1079 370 Nos
1109 333 1270 371 salvavit
1303 338 1339 370 et
1371 333 1525 371 donavit

1062 391 1196 428 Pacem
1229 401 1295 427 suo
1326 391 1481 438 populo,

906 492 971 531 26.
1007 492 1120 539 Virgo
1152 492 1266 538 mitis,
1298 491 1456 529 infinitis

1061 548 1325 587 praedicanda
1355 549 1544 593 laudibus,

1004 606 1125 643 Tuum
1158 610 1285 642 natum
1317 604 1378 642 fac
1409 607 1603 652 placatum

1061 661 1214 699 Cunctis
1246 667 1282 698 te
1315 662 1535 703 colentibus.

902 764 969 802 27.
1003 763 1060 800 Da
1091 763 1302 810 perfectum
1334 763 1581 812 intellectum,

1058 820 1137 865 Quo
1171 821 1334 857 devitem
1366 821 1479 858 noxia

1001 878 1080 914 Fac
1111 887 1169 913 me
1201 888 1311 914 nosse
1342 881 1377 913 et
1412 878 1459 915 da
1490 888 1605 925 posse

1057 934 1234 980 Quaeque
1264 938 1350 971 sunt
1381 934 1503 973 utilia.

901 1036 966 1074 28.
1000 1037 1138 1075 Curam
1170 1046 1270 1084 gere,
1303 1039 1344 1073 ut
1375 1036 1523 1073 sincere

1059 1093 1286 1130 Conversari
1318 1093 1491 1130 studeam

999 1149 1050 1187 Et
1083 1150 1240 1187 devotus
1274 1150 1399 1186 carnis
1431 1154 1553 1188 motus

1056 1206 1202 1254 Spiritu
1234 1217 1441 1247 coerceam.

903 1309 969 1348 29.
1002 1309 1130 1346 Mater
1160 1309 1260 1355 agni,
1293 1309 1356 1356 qui
1387 1309 1542 1356 tyranni

1061 1366 1192 1402 Victor
1224 1366 1324 1413 cepit
1356 1366 1490 1414 spolia,

1001 1423 1081 1469 Quo
1113 1422 1195 1459 elisi
1226 1423 1397 1470 paradisi

1061 1479 1242 1517 Caremus
1273 1480 1431 1518 laetitia.

901 1583 966 1620 30.
1000 1581 1129 1619 Noxas
1162 1582 1246 1618 dele
1277 1583 1495 1628 parentelae

1055 1639 1170 1676 Meae
1196 1639 1271 1675 tuis
1302 1638 1478 1685 precibus

1000 1695 1051 1732 Et
1083 1696 1131 1732 da
1163 1696 1308 1733 cunctis
1340 1696 1431 1732 mihi
1464 1696 1602 1732 iunctis

1059 1752 1150 1789 Frui
1182 1752 1291 1789 bonis
1323 1752 1508 1791 omnibus.

908 1856 974 1894 31.
1008 1854 1123 1901 Virgo
1155 1858 1298 1900 sancta,
1331 1858 1452 1891 mater
1484 1858 1601 1904 casta,

1063 1911 1189 1948 David
1220 1911 1348 1958 proles
1379 1911 1523 1958 inclita,

1010 1968 1076 2006 Pia
1107 1978 1220 2014 prece
1251 1979 1318 2005 nos
1351 1968 1397 2005 de
1430 1966 1534 2005 faece

1064 2026 1312 2063 Peccatorum
1344 2025 1500 2063 suscita.

906 2128 970 2165 32.
1004 2127 1135 2163 Proles
1154 2127 1269 2173 Iesse⁷
1293 2137 1362 2173 per
1379 2137 1489 2173 quam
1509 2125 1635 2164 fessae

1060 2183 1304 2230 Reparantur
1334 2183 1492 2231 animae,

1006 2241 1083 2278 Fac
1113 2251 1180 2277 nos
1211 2239 1329 2277 fortes
1361 2244 1398 2276 et
1429 2240 1604 2277 cohortes

1061 2296 1321 2334 Tenebrarum
1353 2297 1572 2344 comprime.

911 2394 976 2432 33.
1009 2392 1070 2430 Ab
1100 2393 1158 2430 his
1189 2393 1275 2430 telis
1307 2398 1390 2431 tuos
1422 2394 1516 2431 velis

1065 2449 1266 2497 Supplices
1299 2449 1505 2488 defendere

1008 2506 1149 2553 Quibus
1168 2507 1280 2555 perit,
1293 2508 1461 2554 quisquis
1474 2507 1639 2554 quaerit,

1066 2564 1180 2603 Carni
1211 2563 1446 2604 satisfacere.

909 2661 978 2699 34.
1011 2659 1126 2706 Virgo
1158 2659 1266 2707 lenis,
1300 2671 1366 2697 nos
1398 2671 1420 2697 a
1447 2659 1579 2707 poenis

1064 2716 1178 2754 Salva
1208 2716 1478 2763 gehennalibus

1007 2772 1088 2810 Nec
1120 2773 1309 2810 substerni
1340 2784 1407 2809 nos
1439 2772 1578 2809 inferni

1064 2829 1173 2868 Sinas
1206 2829 1447 2867 cruciatibus.
