1785 3111
139 203 181 236 25
208 205 275 236 Sed
301 205 337 234 in
363 206 395 234 te
421 205 561 233 auctore
587 201 680 238 boni,

209 251 323 281 Dante
349 249 440 278 vires
467 247 613 283 ratione,

209 295 344 333 Quibus
373 294 506 333 premat
531 291 646 321 carnis
673 292 814 326 motum,

210 340 353 371 Habens
379 347 400 368 a
424 340 457 368 te
483 346 584 378 posse
610 339 731 367 totum.

859 85 940 126 418

1029 199 1083 229 Tu
1108 207 1247 229 serenas
1273 197 1451 235 nebulosa,

963 240 1006 275 30
1031 243 1084 274 Tu
1111 253 1258 274 exornas
1287 242 1475 278 maculosa,

1032 288 1223 319 Inhonesta
1249 291 1286 318 tu
1311 287 1486 322 honestas,

1029 333 1205 365 Indecoris
1231 332 1334 364 decus
1361 336 1528 373 praestas,

695 459 771 489 XX.
812 459 869 489 De
901 457 1092 489 Inferno.

209 536 277 566 Fili
303 534 428 571 David,
458 543 562 564 manu
587 533 697 569 fortis,

210 581 278 619 Qui
303 580 437 621 fregisti
464 582 581 620 portas
608 579 741 616 mortis,

209 625 261 656 Tu
292 626 421 656 intrare
447 634 500 655 me
526 634 596 655 non
621 624 727 660 sinas,

208 670 401 702 Infernales
427 669 595 705 officinas,

163 714 184 747 5
209 716 278 747 Ubi
304 725 449 753 maeror,
474 715 534 746 ubi
562 717 682 751 metm,

210 761 280 793 Ubi
307 761 426 797 foetor,
453 761 513 791 ubi
539 759 649 795 fletus,

963 664 1002 697 10

1035 531 1105 563 Ubi
1134 531 1259 572 probra
1285 530 1500 572 deteguntur,

1034 576 1104 607 Ubi
1132 578 1181 607 rei
1207 576 1473 614 confunduntur,

1031 621 1099 653 Ubi
1131 625 1240 652 tortor
1266 632 1400 662 semper
1424 621 1581 658 caedens,

1028 666 1098 697 Ubi
1125 668 1252 697 vermis
1279 677 1413 707 semper
1439 666 1553 703 edens,

1036 712 1106 744 Ubi
1132 714 1241 743 totum
1263 711 1329 743 hoc
1354 722 1511 753 perenne,

1033 757 1124 796 Quia
1151 766 1273 798 perpes
1299 767 1389 788 mors
1415 756 1605 798 gehennae.

552 884 647 914 XXI.
678 884 732 913 De
765 882 1017 913 Ierusalem
1050 881 1261 916 caelesti,

217 959 284 990 Sed
312 969 388 989 cum
415 959 505 988 caris
532 958 617 987 meis
644 957 775 987 cunetis

219 1004 300 1035 Sive
326 1005 417 1034 vivis
445 1013 504 1033 seu
530 1002 700 1033 defunctis

219 1049 276 1080 Me
301 1052 453 1089 receptet
479 1048 565 1080 Sion
590 1047 662 1085 illa,

218 1095 310 1126 Urbs
336 1093 496 1130 Davidis,
516 1092 598 1123 urbs
624 1091 825 1133 tranquilla,

177 1137 196 1170 5
222 1141 329 1172 Cuius
356 1140 452 1170 faber
477 1141 598 1169 auctor
623 1137 721 1175 lucis,

220 1186 327 1217 Cuius
354 1188 454 1225 porta
478 1183 610 1224 lignum
637 1183 759 1221 crucis,

218 1231 326 1262 Cuius
353 1230 441 1260 muri
467 1229 557 1269 lapis
582 1229 694 1263 vivus,

220 1277 328 1307 Cuius
355 1278 470 1305 custos
497 1284 556 1305 rex
584 1273 740 1304 festivus.

220 1322 261 1352 In
287 1321 352 1351 hac
378 1320 461 1351 urbe
487 1319 546 1350 lux
573 1318 751 1354 sollemnis,

153 1364 195 1398 10
221 1367 291 1397 Ver
316 1368 504 1401 aeternum,
531 1366 598 1405 pax
623 1364 795 1403 perennis,

222 1413 262 1443 In
287 1411 353 1442 hac
378 1410 462 1442 odor
487 1409 635 1451 implens
663 1408 789 1445 caelos,

222 1458 262 1488 In
288 1457 354 1488 hac
380 1465 514 1497 semper
539 1455 663 1486 festum
689 1453 808 1484 melos.

221 1503 300 1533 Non
325 1505 376 1532 est
402 1502 450 1532 ibi
477 1500 683 1540 corruptela,

220 1548 298 1578 Non
324 1547 489 1584 defectus,
517 1555 585 1576 non
611 1544 785 1586 quaerela,

149 1591 189 1623 15
216 1593 293 1623 Non
318 1593 455 1629 minuti,
481 1601 550 1621 non
576 1590 756 1627 deformes,

969 954 1012 988 30
1039 956 1106 986 Aut
1132 965 1221 996 quae
1246 965 1380 986 murum
1405 964 1540 996 gemma
1558 955 1690 996 pingat,

969 1181 1012 1215 35

969 1407 1012 1441 40

1038 1002 1123 1040 Quis
1150 1001 1349 1037 chalcedon,
1378 1002 1455 1041 quis
1481 999 1666 1037 iacinthus,

1037 1048 1173 1078 Norunt
1199 1046 1264 1083 illi,
1290 1047 1349 1087 qui
1376 1048 1455 1077 sunt
1480 1047 1583 1076 intus.

1038 1091 1089 1122 Ad
1114 1091 1249 1132 asylum
1274 1091 1378 1122 huius
1404 1092 1500 1122 urbis

1038 1136 1248 1168 sociandum
1275 1138 1341 1178 piis
1367 1137 1478 1168 turbis

1034 1182 1147 1213 Trahe
1172 1193 1226 1213 me
1252 1185 1330 1223 post
1354 1185 1397 1217 te,
1424 1182 1564 1217 Messia,

1037 1226 1143 1258 Trahi
1168 1227 1222 1258 fac
1246 1237 1319 1265 nos,
1348 1238 1366 1257 o
1393 1228 1516 1258 Maria.

1039 1274 1114 1312 Quo
1140 1276 1188 1310 tu,
1213 1273 1322 1313 virgo,
1348 1276 1457 1303 mater
1482 1272 1624 1309 Christi,

1038 1319 1110 1349 Nos
1138 1320 1216 1359 post
1241 1318 1354 1358 ipsum
1381 1317 1611 1357 praecessisti,

1039 1364 1107 1395 Ubi
1134 1364 1264 1394 fructus
1290 1364 1421 1394 ventris
1446 1363 1509 1400 tui,

1037 1410 1115 1449 Ipse
1142 1408 1301 1439 Christus
1327 1412 1429 1450 atque
1456 1408 1521 1445 sui,

1039 1455 1108 1486 Ubi
1135 1454 1200 1484 soli
1227 1454 1330 1484 simul
1356 1455 1470 1484 cuncti

1040 1501 1112 1530 Deo
1140 1509 1201 1529 suo
1228 1503 1308 1530 sunt
1333 1499 1522 1536 coniuncti,

1038 1545 1107 1576 Ubi
1135 1544 1226 1575 mala
1251 1545 1319 1575 iam
1345 1554 1414 1575 non
1439 1546 1548 1581 erunt,

1039 1592 1134 1629 Quae
1161 1590 1276 1630 priora
1302 1590 1522 1621 transierunt.

216 1638 343 1669 Omnes
371 1636 508 1667 Christo
538 1639 616 1667 sunt
644 1635 849 1666 conformes.
969 1634 1012 1667 45
1040 1635 1111 1667 Ubi
1139 1636 1212 1665 sine
1238 1638 1337 1666 nocte
1363 1635 1447 1671 dies,

216 1683 314 1716 Urbs'
338 1683 509 1720 caelestis,
535 1682 617 1712 urbs
643 1681 756 1712 beata.
1039 1682 1107 1713 Ubi
1135 1681 1209 1711 sine
1235 1680 1304 1710 fine
1331 1680 1440 1721 quies,

218 1729 331 1769 Supra
357 1732 488 1769 petram
514 1727 695 1763 collocata,
1038 1727 1108 1758 Ubi
1140 1735 1208 1766 pax
1232 1724 1377 1757 firmatis
1403 1726 1522 1766 portis,

219 1772 310 1805 Urbs
336 1775 371 1804 in
398 1776 499 1814 portu
525 1773 610 1803 satis
637 1774 711 1801 tuto
1035 1772 1105 1804 Ubi
1131 1770 1230 1803 nulla
1255 1780 1365 1812 poena
1391 1771 1522 1807 mortis,

149 1815 192 1849 20
219 1820 269 1849 De
294 1818 486 1859 longinquo
515 1820 548 1848 te
574 1816 699 1847 saluto.
1036 1817 1105 1849 Ubi
1132 1816 1250 1847 nullus
1276 1816 1354 1846 finis
1379 1817 1483 1855 vitae,

218 1865 269 1894 De
295 1863 488 1904 longinqua
516 1863 665 1904 regione,
966 1860 1008 1894 50
1034 1863 1103 1894 Ubi
1130 1861 1252 1893 laudes
1278 1860 1446 1892 infinitae.

217 1909 269 1939 De
295 1908 417 1939 hostili
444 1907 580 1949 legione
1035 1908 1177 1939 Cunctis
1206 1908 1336 1937 sanctis
1362 1917 1450 1937 unus
1476 1909 1598 1937 cantus

218 1954 267 1984 Te
294 1957 471 1994 paccatam
498 1954 673 1983 civitatem
1035 1954 1178 1994 Semper
1197 1955 1347 1990 sanetus,
1367 1955 1517 1989 sanctus,
1536 1954 1687 1982 sanetus.

218 2000 399 2039 Tuamque
425 1998 673 2029 iucunditatem
1036 2001 1184 2029 ‚sanetus
1210 2001 1317 2038 pater,
1344 2000 1484 2028 sanctus
1511 1999 1623 2033 natus,

149 2041 192 2074 25
220 2042 293 2075 Iam
320 2043 444 2082 saluto,
472 2044 540 2074 iam
567 2045 714 2084 suspiro,
1034 2045 1187 2075 ,Sanctus
1214 2044 1395 2083 utriusque
1420 2042 1533 2081 flatus,

220 2090 294 2120 Iam
321 2088 454 2125 affecto,
482 2089 549 2119 iam
577 2090 726 2128 requiro.
970 2087 1013 2119 55
1039 2088 1162 2119 Cuncti
1192 2089 1374 2118 concinunt
1403 2088 1511 2119 creati

220 2134 395 2172 Quantum
422 2135 472 2164 tui
498 2134 728 2174 gratulentur,

220 2180 333 2218 Quam
360 2179 482 2210 festive
508 2180 749 2217 conviventur,

221 2226 307 2263 Quis
333 2228 366 2255 te
392 2234 509 2255 murus
535 2225 796 2265 circumcingat,

1039 2135 1218 2165 Increatae
1244 2133 1405 2165 trinitati,

1039 2179 1121 2215 Uni,
1151 2178 1226 2212 soli,
1252 2188 1333 2208 vero
1360 2179 1434 2208 Deo

1039 2225 1078 2255 In
1104 2227 1245 2255 aeterno
1272 2223 1436 2254 iubilaeo.

219 2359 362 2391 Collect.
390 2370 450 2389 ms.
477 2358 660 2401 Augustin.
687 2361 868 2391 Monacen.
895 2370 984 2391 saec.
1013 2357 1063 2390 12.
1092 2359 1178 2390 Clm.
1204 2359 1385 2390 Monacen.
1411 2355 1510 2389 8304.
1536 2376 1574 2380 -
1600 2357 1692 2395 XIV,

131 2402 171 2435 16
197 2405 232 2435 in
259 2413 401 2444 parvam
428 2407 571 2444 partem.
598 2423 641 2427 -—
667 2407 758 2444 XVI,
786 2405 804 2436 7
831 2416 951 2437 verum
977 2405 1210 2436 Salomonem.
1235 2421 1280 2424 ——
1308 2402 1347 2434 10
1373 2404 1632 2444 praecipitetur.
1653 2419 1689 2423 —

128 2449 240 2486 XVII,
266 2448 286 2479 5
311 2448 346 2479 hi
372 2448 493 2480 hostis.
522 2467 564 2470 —

220 2494 310 2525 Eine
344 2494 487 2525 kiirzere
515 2495 764 2537 Bearbestung,
797 2496 853 2527 die
886 2496 948 2526 mit
972 2494 1222 2526 vorstehender
1246 2494 1308 2525 das
1330 2495 1455 2525 Meiste
1480 2494 1690 2535 gemeinsam

130 2539 200 2577 hat,
230 2538 320 2569 steht
346 2540 380 2569 in
406 2540 518 2570 einem
541 2540 683 2571 Collect.
710 2551 772 2571 ms.
791 2540 1006 2572 Haslacense
1032 2541 1114 2571 anni
1138 2537 1233 2571 1240.
1253 2539 1338 2570 Clm.
1357 2540 1536 2570 Monacen.
1558 2535 1690 2577 12513;

130 2595 165 2616 es
191 2585 238 2615 ist
262 2583 405 2615 deshalb
431 2584 527 2615 nicht
552 2586 771 2627 notwendig,
798 2586 951 2617 dieselbe
977 2585 1051 2616 hier
1076 2585 1301 2616 mitzuteilen.
1350 2584 1491 2615 Ebenso
1517 2583 1612 2614 halte
1636 2582 1690 2614 ich

129 2631 183 2661 fiir
208 2630 449 2670 unangezeigt,
481 2630 535 2660 die
561 2631 799 2672 Bearbeitung
823 2631 882 2663 des
908 2631 1009 2661 Prior
1033 2629 1176 2661 Konrad
1200 2640 1269 2660 von
1293 2630 1444 2671 Gaming
1468 2628 1544 2659 hier
1567 2627 1692 2660 wieder

133 2674 389 2706 abzudrucken.
447 2674 543 2705 Auch
577 2676 627 2706 sie
661 2677 766 2707 stiitzt
799 2677 872 2707 sich
903 2676 965 2707 auf
994 2675 1049 2707 die
1074 2674 1324 2713 vorstehende,
1356 2673 1497 2705 umfasst
1522 2674 1605 2705 aber
1629 2682 1692 2704 nur

133 2720 189 2751 die
231 2723 321 2751 erste
359 2718 478 2751 Halfte
519 2720 578 2750 des
616 2719 916 2753 Hildebert'schen
953 2720 1150 2753 Gedichtes.
1213 2721 1296 2751 VVer
1336 2718 1408 2750 sich
1449 2718 1503 2750 fiir
1540 2717 1691 2750 dieselbe

133 2765 370 2802 interessiert,
405 2766 455 2796 sei
480 2766 671 2796 verwiesen
697 2767 760 2797 auf
780 2767 884 2798 Mone
909 2767 939 2804 I,
970 2765 1026 2802 14,
1053 2776 1105 2796 wo
1132 2765 1285 2796 dieselbe
1311 2775 1372 2796 aus
1399 2764 1485 2797 Clm.
1512 2764 1692 2795 Monacen-

132 2807 221 2842 3012
246 2809 402 2849 (Collect.
428 2810 628 2842 Andecense
655 2821 743 2843 saec.
775 2810 827 2850 15)
851 2812 1035 2852 mitgeteilt
1061 2811 1116 2842 ist.
