1785 3111
739 85 1048 125 —224—

203 199 347 231 Collect.
380 209 442 230 mS.
470 198 696 230 Martialense
728 208 816 229 saec.
850 195 880 229 9.
929 198 1012 230 Cod.
1038 199 1189 230 Parisin.
1218 196 1316 230 1154.
1342 215 1384 220 —
1409 195 1440 237 3,
1467 196 1486 229 2
1511 199 1579 238 Qui
1612 210 1676 232 nec

111 244 305 285 indignum.
331 263 373 266 ——
398 243 429 279 4,
457 241 477 274 2
502 245 675 284 uniusque
701 244 830 275 tritam.
856 260 899 264 —
924 242 956 282 6,
981 241 1001 275 3
1026 255 1069 275 ne
1093 251 1231 276 terram.
1256 261 1299 264 —
1325 242 1355 281 7,
1380 242 1402 274 4
1418 244 1516 275 Fore.
1542 261 1587 265 —
1604 242 1636 283 8,
1656 243 1672 276 1

111 291 164 321 Tu
198 300 311 331 quem.
338 307 380 312 —
407 290 456 320 Zu
481 287 511 328 9,
541 287 556 320 1
584 289 652 331 vgl.
680 289 802 329 „Cum
836 288 979 320 fortis
1015 293 1208 321 armatus
1233 289 1384 321 custodit
1409 290 1536 320 atrium
1562 300 1673 329 suum,

112 336 147 366 in
173 345 258 376 pace
285 338 365 366 sunt
390 344 442 372 ea,
468 345 557 375 quae
583 334 771 374 possidet“.
812 334 900 368 Luc„
926 332 976 372 ll⁷
1002 332 1055 366 26.
1081 353 1125 357 —-
1150 335 1356 366 Aufschrift:
1386 335 1534 376 „Versus
1560 336 1674 367 cuius-

111 378 223 412 dam“.
250 397 292 401 —
318 380 386 412 Cfr.
413 380 513 411 Anal.
539 380 671 417 XXIII,
697 377 758 419 473
783 379 923 411 Traube
947 380 971 412 l.
996 390 1023 411 c.
1050 378 1114 411 727
1141 391 1191 421 sq.

467 592 548 628 169.
586 592 642 634 (4.)
681 592 823 628 Oratio
850 593 899 628 ad
927 592 1131 628 Christum
1157 593 1319 636 quarta.

401 721 437 759 1.
470 721 500 759 Ο
533 721 750 757 veneranda
783 721 851 758 Dei
883 721 1034 757 suboles

470 778 608 815 Inclita
638 779 759 824 patris
791 782 827 814 et
859 776 1018 825 effigies,

470 835 607 872 Intime
637 834 820 881 splendor
850 838 887 871 et
917 835 1016 871 alma
1049 834 1150 884 dies,⁴

470 891 541 937 Qui
572 891 656 928 loca
686 891 826 928 lumine
858 895 992 928 cuncta
1022 891 1146 937 reples

473 948 590 985 Totus
623 951 660 984 et
690 949 728 985 in
760 949 930 995 genitore
961 958 1102 992 manes,

400 1063 437 1100 2.
470 1061 618 1108 Nempe
649 1062 770 1098 minus
801 1065 910 1107 patre
942 1072 1010 1097 nec
1042 1060 1133 1108 quid
1163 1060 1293 1108 habes,

469 1118 629 1164 Sceptra
661 1118 745 1166 pari
778 1118 921 1155 ditione
950 1122 1068 1165 tenes,

471 1176 647 1222 Quaeque
680 1175 798 1224 cupis,
831 1175 1003 1223 Domine,
1036 1175 1103 1212 illa
1131 1178 1251 1224 potes,

471 1232 569 1269 Nam
600 1242 750 1268 recreas
782 1242 1012 1278 revocasque
1042 1231 1211 1268 homines

470 1289 520 1325 Et
553 1289 679 1335 patria
708 1289 851 1335 pietate
882 1287 1000 1326 foves.

402 1405 440 1442 3.
473 1403 543 1449 Qui
574 1402 731 1439 miseros
763 1400 857 1439 facis
888 1402 1095 1439 incolumes

471 1460 661 1506 Linquere
694 1459 852 1496 crimina
882 1459 1019 1505 quique
1050 1458 1169 1507 iubes,

470 1516 549 1553 Nos
582 1520 619 1552 et
648 1516 686 1552 in
718 1516 851 1552 exsilio
884 1526 965 1552 esse
998 1515 1103 1552 doles

467 1573 530 1610 Ad
563 1573 803 1619 patriamque
832 1572 958 1609 redire
989 1582 1117 1609 mones

470 1630 598 1676 Teque
630 1629 752 1666 Deum
784 1629 953 1675 reperire
986 1629 1111 1666 doces.

403 1745 440 1781 4.
475 1743 545 1787 Tu,
578 1753 680 1788 rogo,
713 1742 863 1788 suscipe
894 1752 993 1777 nunc
1023 1741 1195 1787 humiles,

472 1800 571 1846 Quas
604 1809 684 1846 ego,
719 1809 796 1842 rex,
829 1798 898 1834 tibi
931 1796 1049 1834 fundo
1079 1808 1212 1844 preces

468 1856 618 1904 Meque,
653 1866 801 1904 precor,
833 1855 1012 1891 miserum
1043 1855 1187 1891 releves

468 1913 526 1949 Ac
557 1912 698 1958 pietate
729 1917 792 1948 tua
823 1916 974 1958 vegetes

473 1969 525 2006 Et
556 1969 689 2015 procul
720 1980 742 2005 a
774 1968 876 2005 vitiis
907 1978 1095 2014 segreges,

401 2085 422 2120 CV(

431 2113 438 2121 .
473 2082 669 2130 Omnibus,
701 2093 779 2130 ora,
813 2081 921 2118 bonis
953 2081 1104 2131 solides,

472 2139 530 2175 Ne
561 2142 709 2185 premat
740 2139 902 2185 amplius
933 2138 1012 2175 ulla
1043 2138 1137 2187 lues,

472 2195 547 2232 Sed
579 2206 726 2232 merear
756 2200 842 2232 tuus
874 2205 955 2231 esse
986 2205 1122 2243 comes,

468 2252 521 2290 Ut
551 2252 644 2288 mihi
676 2253 787 2289 detur
817 2252 979 2289 amanda
1009 2251 1128 2298 quies,

472 2309 589 2354 Quam
622 2319 793 2345 meruere
823 2309 878 2345 tui
909 2318 1100 2354 proceres,

403 2422 440 2459 6.
472 2421 543 2457 His
575 2424 651 2467 tua,
685 2421 849 2470 Christe,
882 2425 987 2467 patet
1017 2420 1179 2467 species,

472 2477 623 2514 Emicat
653 2482 689 2514 et
721 2478 853 2514 rutilat
881 2477 1011 2524 facies,

470 2534 570 2570 Hinc
600 2545 748 2580 quoque
778 2538 864 2570 sunt
895 2534 1035 2579 iugiter
1060 2533 1201 2569 hilares

472 2590 599 2636 Teque
631 2591 757 2627 colunt
790 2595 827 2626 et
857 2595 984 2627 amant
1014 2589 1180 2637 alacres3

469 2646 551 2695 His,
585 2646 700 2692 Deus,
733 2647 902 2695 obsecro,
934 2657 993 2682 me
1024 2646 1155 2684 socies.

205 2771 349 2805 Collect.
376 2782 437 2803 ms.
464 2773 584 2803 incert.
611 2773 696 2814 orig.
723 2782 811 2803 saec.
840 2769 891 2803 10.
931 2771 1015 2804 Cod.
1032 2771 1183 2802 Parisin.
1209 2767 1307 2801 3877.
1334 2787 1376 2791 —-
1402 2770 1432 2808 6,
1458 2769 1477 2801 5
1506 2764 1598 2802 Uber
1622 2778 1672 2801 me

116 2827 189 2849 nos.
215 2836 258 2840 —
284 2817 491 2849 Aufsehrift:
521 2818 670 2857 „Versus
696 2814 952 2849 Gothascalci²‘.
977 2835 1020 2839 —
1047 2817 1124 2858 vgl.
1150 2815 1288 2847 Traube
1314 2815 1335 2846 l.
1361 2826 1388 2847 c.
1415 2813 1490 2847 7:28.
