1785 3111
690 76 1001 117 —357—

70 187 118 226 11
132 200 167 227 a.
208 188 312 235 Ergo
343 189 427 235 pari
883 191 984 232 llb.
1025 192 1077 229 Et
1107 202 1176 239 per
1206 195 1352 239 septem

207 248 295 282 voto
324 245 569 292 imploremus
1025 249 1166 295 gradus
1198 249 1392 296 spiritales

205 301 380 348 spiritum
1023 306 1207 351 perducat
1553 354 1555 357 ι

205 357 477 405 septiformem,
511 359 728 406 septuplum
1023 367 1251 409 expurgatos
1282 363 1333 400 ad
1364 363 1484 410 ipsam

203 426 271 452 nos
303 419 486 462 expurget
517 416 671 452 tandem
1023 420 1379 466 contemplationem

692 485 756 524 12.
804 485 1000 523 Veritatis.

152 584 235 616 Cod.
266 585 379 616 Palat.
411 585 654 617 Vindobonen.
686 584 762 618 628.
798 597 889 619 saec.
923 585 974 618 11.
1008 587 1047 619 A.
1075 605 1117 609 -
1142 589 1247 621 Grad.
1281 600 1342 619 ms.
1370 588 1628 630 Sec‹›viense(‘?)

59 640 149 662 saec.
190 627 240 662 12.
290 629 371 661 Cod.
406 631 648 663 Vindobonen.
677 628 804 664 13314.
836 633 874 663 Β.
904 650 946 654 ——
972 633 1076 664 Grad.
1102 644 1164 665 ms.
1189 636 1430 675 Augustanum
1458 645 1545 666 saec.
1575 634 1626 667 14.

58 677 104 707 in.
156 676 242 707 Clm.
267 676 450 707 Monacen.
476 675 575 709 3906.
602 677 638 708 C.
665 677 764 709 Miss.
790 688 854 709 ms.
879 678 1120 720 Augustanum
1146 690 1235 710 saec.
1266 678 1315 710 14.
1359 681 1441 712 (jod.
1465 681 1625 713 Vatican.

56 721 169 753 Palat.
207 718 283 754 503.
320 722 362 752 D.
401 739 437 742 —
474 723 638 763 Sequent.
676 734 738 754 ms.
774 724 1003 764 Sangallense
1034 725 1117 755 anni
1153 723 1249 756 1516.
1307 725 1390 757 (jod,
1424 726 1625 766 Saugallen.

55 766 237 807 (Brander)
261 764 337 797 546.
363 767 405 798 E.

150 811 209 851 la,
236 809 256 843 ³3
282 811 469 853 designans
489 813 563 844 DE.
591 832 631 835 —
658 810 719 849 21),
746 811 767 844 3
796 823 915 855 preces
940 814 1046 845 vehat
1062 815 1104 845 E.
1129 832 1173 836 —
1197 812 1256 851 33.
1283 813 1303 846 S
1329 819 1363 846 et
1380 817 1506 856 spiritu
1524 817 1562 848 Β.
1580 835 1624 838 -—

57 856 117 896 31),
144 856 164 889 2
190 860 298 889 iotam
322 858 422 889 ΑΒΕ.
442 875 486 879 -
504 856 568 894 4a,
595 858 615 889 6
640 858 750 890 donec
767 859 810 890 D.
837 876 881 881 ὴ-
910 857 971 895 5a,
1002 858 1015 890 1
1037 861 1084 892 Ut
1101 862 1248 891 scientia
1266 861 1303 892 B.
1323 878 1365 882 —
1383 860 1445 897 51),
1475 860 1489 893 1
1509 862 1625 894 Pellat

57 907 92 936 et
116 904 153 935 B.
179 922 223 924 —
248 903 310 941 tib,
337 901 358 934 5
379 903 507 934 dimitti
534 903 619 934 fehlt
636 905 678 935 D.
705 922 750 925 —
773 903 834 943 73,
860 902 881 935 3
907 905 1110 946 designatur
1127 906 1168 937 E.
1195 923 1238 927 —-
1262 904 1324 943 Sa,
1347 905 1361 938 1
1389 907 1474 939 Inde
1492 908 1561 940 BC.
1578 926 1624 929 —

56 947 119 988 93,
144 947 165 981 3
191 949 330 990 spiritui
356 949 393 981 O.
419 965 461 970 ——
487 947 548 987 9a,
576 947 596 980 5
622 950 682 990 qui
708 949 836 981 donum
862 952 899 982 B.
926 968 970 971 ——
995 949 1055 986 91),
1085 949 1099 982 l
1126 953 1219 982 viam
1242 952 1273 983 D
1310 969 1353 973 —
1379 951 1442 990 91),
1468 951 1489 984 2
1513 955 1622 985 vitam

54 995 98 1026 D.
126 1014 167 1017 —
192 995 254 1032 91),
281 991 302 1025 3
326 995 495 1026 ieiunium
514 996 551 1027 O.
571 1011 611 1016 --
634 992 716 1034 lOb,
742 993 762 1027 5
780 996 998 1037 permanebit
1016 994 1054 1027 E.
1074 1015 1117 1018 —
1138 994 1178 1028 lO
1190 998 1219 1034 b,
1247 995 1266 1028 6
1285 1008 1358 1039 sqq.
1385 998 1500 1030 fehlen
1519 999 1561 1031 E.
1579 1016 1623 1021 —-

57 1038 145 1079 111),
186 1038 201 1071 1
236 1041 283 1073 Ut
315 1050 375 1081 per
407 1041 444 1072 C.
472 1057 517 1061 —
544 1038 635 1079 11b,
667 1038 689 1071 4
721 1042 832 1082 ipsius
861 1042 900 1073 Β.
927 1058 970 1062 —
1003 1040 1092 1080 111)7
1127 1041 1147 1073 5
1173 1044 1467 1084 contemplatione
1495 1044 1536 1086 C3
1571 1046 1623 1076 in-

56 1087 268 1128 spectionem
291 1087 331 1117 B.
358 1105 399 1108 —
425 1086 490 1117 DE
516 1085 606 1117 nach
633 1086 716 1117 Rev.
742 1087 788 1118 H.
813 1087 860 1118 M.
887 1088 1083 1119 Bannister.
1108 1105 1153 1109 —
1175 1089 1274 1119 Mel:
1302 1090 1530 1130 Frigdola.

427 1243 509 1278 ⁶276.
547 1242 627 1285 (13.)
664 1244 709 1278 In
734 1244 996 1280 Exaltatione
1022 1255 1055 1280 s.
1084 1244 1238 1280 Crucis.

679 1339 714 1377 1.
760 1338 1005 1386 Magnificate

52 1418 121 1455 2a.
166 1416 366 1453 Dominum
396 1427 541 1453 mecum
869 1418 943 1457 2b.
985 1418 1057 1465 Qui
1088 1419 1261 1456 ascendit
1291 1420 1329 1456 in

165 1477 202 1509 et
233 1473 443 1510 exaltemus
474 1485 606 1511 nomen
980 1476 1159 1522 palmam,
1191 1476 1481 1523 apprehendere

164 1530 243 1567 eius
273 1530 311 1566 in
344 1530 383 1567 id
414 1531 550 1577 ipsum,
980 1531 1126 1569 fructus
1158 1533 1237 1570 eius
1270 1534 1411 1572 dulces.

53 1623 124 1660 3a.
166 1621 195 1659 Ο
223 1621 385 1658 altitudo
869 1623 945 1662 3b.
985 1625 1088 1670 Quae
1120 1624 1225 1660 caelo
1256 1628 1397 1662 terram

162 1681 275 1725 atque
306 1676 536 1724 profundum
981 1681 1216 1726 reconciliat,

165 1735 288 1771 crucis
319 1740 552 1782 purpuratae
981 1748 1159 1784 suprema
1190 1738 1411 1785 contingens

162 1791 201 1828 in
234 1791 374 1829 Christi
406 1792 598 1839 sanguine,
982 1797 1020 1831 et
1049 1795 1123 1832 ima
1155 1799 1372 1841 penetrans.

49 1885 119 1921 4a.
162 1882 270 1919 Haec
299 1894 447 1919 sursum
479 1883 597 1920 corda
866 1883 939 1923 4b.
986 1886 1040 1924 Ut
1070 1889 1149 1922 toto
1180 1886 1308 1932 corde⁷

160 1939 291 1985 stipite
321 1950 388 1976 suo
981 1945 1061 1979 tota
1091 1942 1227 1987 anima,

161 1996 276 2043 levat,
308 2007 381 2043 quo
413 1997 600 2033 exaltatus
978 2002 1060 2036 tota
1090 1998 1316 2036 fortitudine

161 2057 217 2089 est
246 2063 316 2099 per
343 2053 464 2099 ipsam
981 2055 1162 2102 diligatur

159 2109 313 2146 trahens
343 2110 392 2147 ad
423 2121 464 2147 se
495 2111 631 2161 omnia,
979 2123 1046 2149 nos
1077 2113 1116 2149 in
1147 2112 1259 2149 finem
1292 2113 1466 2160 diligens.

49 2202 119 2239 5a.
162 2200 237 2238 Sed
268 2201 354 2247 quia
383 2205 472 2238 tunc
503 2213 591 2239 vere
865 2202 939 2242 5b.
982 2201 1029 2241 In
1060 2202 1162 2250 ligno
1192 2207 1411 2242 transverso

162 2257 334 2303 diligitur
363 2258 558 2305 Dominus,
978 2260 1078 2296 sacri
1109 2259 1272 2306 patibuli

160 2324 242 2351 cum
274 2325 406 2351 servus
978 2316 1158 2353 docemur

159 2374 200 2408 ut
229 2381 312 2407 sese
344 2371 469 2418 diligit
978 2373 1155 2419 expansis
1186 2373 1359 2410 manibus

160 2428 416 2476 conservulos,
979 2429 1149 2466 crucifixi

159 2485 299 2521 amicos
978 2487 1132 2523 dextros
1164 2491 1200 2523 et

160 2544 198 2577 et
226 2541 354 2578 hostes
384 2541 540 2588 pariter²
977 2543 1150 2581 sinistros
1181 2544 1371 2591 amplecti.

50 2632 119 2668 6a.
161 2631 244 2668 Hoc
275 2631 380 2679 signo
412 2633 622 2680 consignati
864 2633 938 2672 6b.
980 2634 1035 2673 Ut
1064 2634 1202 2681 iugiter
1231 2636 1269 2672 in
1300 2636 1409 2673 nobis

159 2685 291 2726 famuli
977 2689 1124 2728 ferveat

161 2744 368 2781 clareamus
975 2747 1094 2793 ipsius
1126 2753 1163 2785 et

162 2799 372 2838 conformes
404 2801 578 2850 Domino,
975 2802 1134 2842 fratrum
1166 2806 1331 2844 dilectio.
