1785 3111
399 293 436 331 1.

390 2642 456 2679 10.

791 73 1102 113 -148-

578 208 659 243 107.
697 207 754 250 (9.)
790 207 939 243 Versus
965 206 1012 241 (le
1037 206 1315 242 Paenitentia.

483 287 550 330 Ad
583 290 680 327 caeli
714 290 818 327 clara
848 301 923 326 non
955 301 1035 326 sum
1070 289 1205 336 dignus
1235 290 1364 327 sidera

487 348 633 385 Levare
666 357 769 383 meos
800 345 973 383 infelices
1005 347 1146 393 oculos,

483 404 602 442 Gravi
631 404 834 450 depressus
866 407 1108 450 peccatorum
1141 403 1332 452 pondere,

699 461 832 506 Parce,
865 460 1107 507 redemptor!

483 549 636 591 Bonum
668 551 819 598 neglexi
851 549 988 601 facere,
1023 550 1123 597 quod
1157 550 1283 596 debui,

484 608 677 647 Probrosa
708 608 806 655 gessi
838 607 919 644 siue
950 607 1023 644 fine
1057 607 1227 654 erimina,

487 666 619 704 Scelus
651 665 802 712 patravi
832 665 936 701 nullo
969 665 1136 701 clausum
1168 664 1343 710 termino,

701 722 881 771 Subveni,
916 721 1092 760 Christe!

486 809 667 862 Cunctae,
700 822 796 859 quae
827 813 927 849 salso
960 812 1074 848 maris
1107 815 1195 848 sunt
1226 812 1264 848 in
1295 811 1438 858 littore,

485 871 651 916 Arenae,
683 870 824 906 mixtae
856 869 1079 916 purpuratis
1112 868 1320 915 conchulis,

485 927 571 964 Non
604 927 697 963 meis
728 931 883 972 possunt
917 926 1116 972 coaequari
1148 926 1264 973 vitiis,

701 983 854 1029 Fateor,
888 983 1011 1020 malis.

491 1071 618 1113 Doleo
650 1073 778 1110 multis
809 1081 1051 1120 peccatorum
1081 1073 1215 1110 iaculis

490 1130 695 1169 Confossus
727 1141 830 1179 arcu,
866 1142 938 1177 quo
966 1131 1093 1167 Venus
1124 1130 1297 1167 libidinis

489 1189 647 1226 Intorsit
678 1188 746 1224 lita
778 1188 927 1234 spicula
958 1185 1146 1224 mortiferi

703 1245 823 1282 Fellis
855 1244 1021 1282 abunda.

489 1333 639 1376 Effudit
673 1335 833 1372 daemon
864 1335 910 1371 de
942 1335 1123 1381 pharetra
1154 1333 1348 1371 flammeas

491 1393 670 1440 Sagittas,
702 1403 823 1429 meum
857 1403 972 1438 super
1002 1392 1137 1429 vulnus
1170 1392 1327 1429 vulnera

491 1448 634 1487 lnflixit
666 1450 793 1486 statim
827 1449 965 1495 cupido
996 1449 1218 1495 turpissima

707 1506 851 1543 Fronte
883 1517 1031 1552 rugosa.

493 1594 639 1636 Factus
671 1608 752 1633 sum
785 1597 872 1633 vilis
905 1601 1041 1633 cuncta
1072 1606 1188 1642 super
1218 1595 1323 1645 vilia,

495 1655 607 1691 Venit
637 1655 802 1691 latenter
832 1654 981 1700 gladius
1013 1653 1229 1701 superbiae,

495 1711 610 1749 Cordi
642 1710 766 1747 infixit
797 1721 1015 1747 mucronem
1045 1710 1115 1747 sub
1147 1709 1272 1746 medio

651 1768 770 1805 Manu
802 1772 971 1807 cruenta.

442 1890 450 1898 .
498 1854 630 1898 Genus
663 1859 852 1905 serpentis
884 1857 1007 1895 adfuit
1040 1858 1196 1903 invidia,

499 1916 641 1952 Veneni
673 1920 830 1962 portans
862 1915 999 1961 pocula
1031 1913 1206 1961 pestiferi

497 1972 614 2010 Dedit
646 1972 685 2008 in
717 1973 792 2019 siti,
826 1973 958 2008 mortis
991 1977 1124 2008 auctor
1155 1970 1305 2008 exstitit

713 2029 879 2066 Sordida
910 2029 1003 2068 lues.

498 2116 675 2158 Horrida
706 2119 814 2157 vultu
846 2118 1009 2156 faculam
1042 2118 1235 2155 discordia

499 2179 591 2223 Igne
621 2187 842 2213 succensam
872 2175 1050 2212 deferens
1082 2175 1289 2221 sulphureo

499 2234 631 2271 Medio
663 2244 745 2269 meo
777 2233 904 2279 posuit
935 2233 1003 2269 sub
1035 2237 1201 2281 pectore,

715 2290 827 2327 Coxit
857 2300 998 2327 amare.

447 2411 454 2419 .
501 2377 607 2418 Inter
638 2380 705 2417 has
738 2390 884 2427 quoque
916 2390 1061 2427 pennas
1092 2389 1226 2425 gerens
1260 2378 1429 2424 plumeas

500 2437 628 2473 inanis
661 2438 799 2474 cursim
831 2436 1083 2474 transvolavit
1115 2435 1247 2482 gloria,

500 2494 603 2539 Quae
634 2504 693 2530 me
724 2499 881 2530 ventosa
912 2493 1106 2530 nitebatur
1136 2491 1261 2528 subito

716 2550 869 2587 Fraude
898 2550 1035 2596 perire.

504 2636 699 2679 Kanendo
731 2640 835 2677 venit
866 2640 993 2677 fistula
1024 2638 1222 2686 ingluvies,

504 2697 609 2734 Bona
641 2697 852 2743 praesentis
884 2696 1079 2744 irrogabat
1110 2694 1305 2744 temporis,

502 2753 688 2791 Extendit
720 2758 902 2802 ventrem,
935 2753 1181 2790 temulentum
1214 2751 1398 2800 reddidit,

714 2809 871 2848 Miscuit
903 2810 1014 2848 risus.
