1785 3111
157 151 227 188 2a.
260 148 378 185 Cruce
411 148 590 184 virtutum

144 546 213 582 321.

142 942 213 979 4a.

151 1338 220 1376 521.

152 1907 222 1944 6a.

260 216 359 242 mors
391 203 549 249 peccati,

257 262 335 297 vita
367 260 544 305 iustitiae,

256 317 361 354 Dans
393 315 555 353 fructum
578 317 651 353 iam
675 316 766 363 ligni
790 316 890 354 vitae

256 385 325 420 pro
357 377 467 420 gustu
499 373 691 421 scientiae,
902 365 906 368 ’

258 441 327 476 pro
360 430 495 476 rapina
526 430 682 476 gloriae.

252 545 356 581 Haec
389 542 469 578 dies
501 542 654 580 Domini
687 543 848 580 celebris

253 611 327 646 pax
360 603 414 635 est
447 599 485 635 in
517 599 642 646 terris,

255 655 379 703 fulgor
409 655 542 692 inferis

255 717 291 749 et
322 713 385 749 lux
418 714 578 759 superis,

254 770 346 806 Dies
382 770 544 816 duplicis
575 769 754 816 baptismi

256 827 363 875 legis,
398 826 595 873 evangelii.

252 940 466 977 Submersis
497 939 682 985 hostibus„

256 997 412 1043 signatis
445 996 615 1041 postibus

252 1064 377 1090 assum
409 1053 551 1100 pascha

254 1114 364 1147 nocte
398 1110 507 1146 domo

254 1179 327 1203 una
359 1168 433 1203 iam
466 1177 547 1202 cum
580 1166 738 1203 lactucis

257 1224 327 1260 ede
358 1223 583 1270 agrestibus,

254 1337 337 1374 Hac
369 1337 429 1373 die
538 1378 541 1380 ,

253 1405 320 1430 nos
352 1394 451 1439 lava,
485 1394 647 1438 Christe,

253 1451 439 1487 mundans
471 1451 615 1497 hysopo

254 1509 333 1545 Fac
363 1515 396 1543 et
434 1507 566 1553 dignos

254 1565 325 1601 hoc
356 1565 551 1611 mysterio,

254 1632 357 1657 mare
390 1621 548 1669 siccans,

256 1678 465 1714 Leviathan

257 1734 456 1781 perforans
488 1734 682 1770 maxillam

257 1792 379 1837 hamo,
413 1791 575 1828 armilla.

255 1904 284 1941 O
316 1902 384 1940 flos
417 1904 606 1950 virgineae

255 1961 383 2007 virgae
415 1959 595 2010 fraglans,

258 2018 374 2054 Plena
405 2018 643 2064 septemplici

259 2084 343 2111 rore
374 2074 533 2121 lampas,

256 2131 365 2179 Vino,
399 2131 497 2168 lacte
529 2131 725 2178 pulchrior

252 2188 392 2235 specie,

256 2246 382 2283 Rosae
413 2245 539 2291 rubor,

256 2301 326 2338 lilii
360 2302 513 2350 candor,

258 2359 338 2404 Quo
369 2363 405 2394 tc
437 2363 563 2395 tantae
596 2358 820 2395 clementiae

254 2414 412 2451 consilio

254 2471 497 2509 Microcosmi

255 2528 509 2564 inclinat-eras
541 2528 694 2571 auxilio,

254 2585 305 2622 Ut
338 2584 465 2620 miseri
495 2585 689 2630 particeps

256 2641 475 2687 redemptor
506 2651 620 2686 esses,

255 2698 410 2744 Absque
441 2698 587 2745 peccati
620 2708 739 2734 naevo

254 2758 405 2801 gestans
440 2753 639 2791 formulam
666 2754 826 2800 peccati.

887 31 968 72 312

978 146 1051 185 2b.
1084 146 1181 183 Dum
1214 149 1299 181 tuus
1331 146 1481 192 sanguis

970 540 1043 580 3b.

970 938 1046 977 4b.

969 1335 1042 1375 5b.

1074 204 1132 239 ius
1164 202 1366 248 rompheae

1074 259 1273 296 restrinxit
1303 257 1510 304 flammeae,

1074 315 1249 352 Paradisi
1282 315 1414 361 pandit
1447 315 1596 351 hortum

1074 374 1195 418 stirps
1226 371 1490 409 oboedientiae

1075 429 1264 466 medicina
1295 429 1452 475 gratiae.

1078 541 1251 579 Christus
1291 542 1432 589 pascha
1465 546 1522 578 est.
1552 541 1692 579 homini

1075 599 1163 635 dum
1195 604 1315 635 vetus·
1333 599 1481 643 transit,

1077 666 1196 692 novus
1227 655 1368 703 surgit3

1073 712 1167 748 haec
1200 712 1280 748 dics
1312 711 1477 748 Domini.

1073 768 1219 811 Gaude,
1238 780 1342 805 mens
1360 779 1496 815 expers
1513 766 1702 818 fermenti,

1076 826 1189 872 plena
1221 826 1327 873 panis
1361 825 1484 864 azimi.

1697 573 1706 589 ³

1077 939 1271 976 Accinctis
1304 939 1468 989 renibus,

1075 996 1219 1042 pellitis
1250 996 1413 1042 pedibus

1073 1064 1154 1089 cum
1189 1052 1323 1089 baculo

1073 1120 1238 1156 propera
1271 1114 1305 1145 et

1073 1172 1183 1212 caput
1217 1177 1298 1202 cuin
1332 1167 1369 1203 in
1399 1166 1547 1202 testinis

1071 1227 1107 1259 et
1139 1223 1300 1269 pedibus
1333 1234 1435 1261 vora.

1076 1336 1204 1375 Calice

1070 1404 1137 1429 nos
1167 1393 1326 1439 inebria,

1069 1450 1166 1498 sopi,
1198 1450 1351 1496 suscita,

1071 1506 1130 1543 I)e
1160 1511 1329 1543 torrente

1072 1563 1205 1600 bibens
1236 1564 1274 1600 in
1307 1564 1367 1600 via

1074 1620 1210 1656 damna
1242 1627 1385 1667 nostra,

1072 1677 1129 1713 Tu
1161 1676 1333 1723 pontifex

1072 1733 1208 1781 hostia,
1243 1734 1410 1770 torcular

1074 1791 1224 1826 calcans
1257 1797 1297 1826 tu
1323 1802 1408 1828 uva.

1034 1934 1042 1943 .
1075 1905 1105 1942 Ο
1138 1904 1413 1951 consanguinee

1070 1961 1171 1997 servi
1203 1961 1365 2009 domine,

1069 2018 1163 2064 Spes
1195 2007 1464 2065 ἀναστάσεως

1070 2075 1228 2121 primae,
1262 2075 1417 2110 ultimae

1070 2142 1139 2178 per
1170 2130 1429 2168 iusiurandum
1462 2130 1595 2167 semini

1071 2187 1252 2225 Abrahae

1072 2244 1203 2281 Firma
1235 2248 1272 2280 et
1302 2254 1382 2288 noS‚

1073 2303 1148 2338 dux
1180 2292 1413 2349 ἀθάνατος,

1073 2358 1152 2395 Nos
1183 2363 1246 2394 tuo
1279 2357 1550 2394 convivificans

1072 2415 1234 2460 corpori,

1073 2473 1332 2510 Commortuos

1071 2528 1193 2573 Adae,
1226 2527 1377 2575 parenti
1409 2527 1542 2572 veteri,

1071 2585 1127 2621 Tu
1158 2583 1336 2620 membris
1369 2582 1589 2620 fortioribus

1071 2641 1228 2687 iungens
1260 2639 1422 2684 infirma,

1071 2697 1181 2733 Vitae
1211 2702 1389 2733 aeternae

1072 2754 1138 2791 des
1169 2764 1322 2804 pascua,
1357 2758 1395 2789 tu
1431 2752 1584 2798 pascha.
