1785 3111
679 78 728 82 --
786 54 867 94 345
927 77 982 82 —

77 172 100 209 6
120 182 154 210 a.
186 171 285 208 Hinc
317 171 452 209 Petrus
484 170 653 216 Romam,

895 169 974 208 6b.

1006 169 1194 215 Andreas,
1228 167 1386 204 Iacobus

189 227 446 273 apostolorum
1006 230 1176 272 uterque,
1208 225 1419 273 Philippus,

189 284 380 331 princeps,
413 283 521 328 adiit,
1010 280 1339 329 Bartholomaeus,

191 341 330 378 Paulus
362 339 573 389 Graeciam,
1008 339 1148 383 Simon,
1183 338 1423 382 Thaddaeus

189 397 328 444 ubique
1006 396 1205 443 Iohannes,

191 454 329 491 docens
359 453 521 500 gratiam
535 464 544 501 ς

1008 453 1170 489 Thomas
1202 455 1239 487 et
1269 451 1500 497 Matthaeus,

1009 509 1207 545 duodecim
1239 508 1397 556 iudices,

1007 577 1081 602 non
1113 565 1160 602 ab
1193 576 1277 610 uno,
1315 565 1383 601 sed
1413 565 1451 601 in
1483 575 1609 604 unum,

1009 622 1121 658 divisi
1153 632 1222 669 per
1258 621 1387 658 orbem
1420 621 1561 657 divisos

1006 678 1045 714 in
1076 689 1190 715 unum
1223 678 1416 726 colligunt.

188 516 247 547 ter
277 514 455 557 quattuor
484 509 551 546 alii

187 577 365 614 proceres
396 567 435 603 in
466 567 589 613 plagis
621 570 747 603 terrae

187 628 366 671 quattuor
396 623 700 670 evangelizantes

186 680 325 718 trinum
358 685 395 717 et
427 691 551 718 unum.

896 769 916 807 7
936 768 973 808 b.
1005 768 1057 806 Et
1086 768 1123 805 in
1155 767 1248 805 fines
1280 768 1383 804 orbis
1414 771 1540 804 terrae

1006 824 1122 863 verba
1154 836 1293 862 eorum.

181 772 225 809 In
254 781 400 809 omnem
433 775 553 808 teram
585 769 701 807 exivit

183 839 296 865 sonus
325 839 452 865 eorum

75 773 147 811 7a.

893 928 971 967 8b.
1005 928 1195 975 Sanguine
1227 927 1369 965 Christi

1006 985 1216 1032 redemptis
1248 985 1301 1021 ita
1334 983 1560 1021 dicentium:

1008 1042 1109 1092 Sion,
1144 1041 1316 1089 regnabit
1347 1041 1451 1078 Deus
1482 1041 1589 1077 tuus!

72 933 94 969 8
113 943 148 969 a.
180 932 299 977 Quam
331 930 493 977 speciosi

183 988 300 1035 pedes
332 986 669 1034 evangelizantium

184 1045 336 1092 bonum,
356 1043 658 1091 praedicantium
676 1053 820 1089 pacem,

894 1134 967 1172 9b.
999 1134 1083 1171 Hoc
1114 1133 1284 1181 verbum,

1002 1191 1102 1238 quod
1135 1191 1400 1236 praedicamus

1003 1248 1193 1284 Christum
1226 1246 1460 1293 crucifixum,

1006 1304 1068 1351 qui
1101 1304 1194 1341 vivit

1003 1365 1039 1398 et
1070 1364 1203 1407 regnat
1234 1361 1337 1397 Deus
1368 1360 1404 1396 in
1439 1358 1566 1396 caelis.

68 1138 91 1174 9
110 1147 144 1175 a.
176 1136 245 1183 Qui
276 1135 392 1173 verbo

180 1193 330 1230 saecula
362 1191 465 1233 fecit,

181 1250 282 1297 quod
314 1260 384 1297 pro
415 1249 523 1286 nobis
555 1249 711 1286 verbum

181 1317 270 1345 caro
302 1305 443 1343 factum

181 1367 238 1400 est
268 1363 305 1400 in
336 1362 411 1400 fine
442 1363 690 1405 saeculorum,

42 1454 92 1492 10
110 1465 144 1491 a.
177 1453 228 1491 Hi
259 1457 344 1490 sunt
375 1453 483 1498 caeli,
860 1452 909 1490 10
930 1452 966 1490 b.
1000 1452 1070 1489 His
1103 1451 1256 1489 dixisti:

183 1511 221 1547 in
253 1510 401 1558 quibus,
434 1509 596 1556 Christe,
623 1510 786 1555 habitas,
1001 1510 1157 1554 Rorate,
1193 1508 1301 1555 caeli,
1336 1508 1512 1553 desuper,

182 1567 220 1604 in
251 1578 408 1614 quorum
442 1566 568 1603 verbis
601 1571 722 1614 tonas,
1005 1570 1042 1602 et
1073 1566 1190 1602 nubes
1223 1565 1359 1611 pluant
1389 1564 1538 1609 iustem,

180 1624 351 1671 fulguras
384 1623 512 1670 signis,
1004 1623 1199 1669 aperiatur

181 1692 288 1718 roras
319 1681 455 1727 gratia.
1002 1684 1105 1717 terra
1136 1679 1365 1726 germinans,

42 1761 90 1799 11
113 1771 146 1801 a.
180 1760 345 1798 Germen
374 1760 525 1808 iustum,
865 1760 911 1798 11
932 1759 970 1797 b.
1002 1760 1166 1806 Quorum
1198 1757 1325 1795 verbis

178 1818 320 1854 suscita
350 1822 490 1855 terram
521 1821 703 1864 nostram,
1004 1815 1160 1853 verbum
1193 1815 1313 1862 patris
1346 1817 1518 1850 tenentes

182 1885 293 1921 quam
325 1873 545 1920 apostolicis
1002 1873 1041 1910 in
1073 1872 1257 1919 patientia

182 1930 309 1968 verbis
340 1941 469 1967 serens
1004 1928 1167 1966 fructum
1200 1928 1303 1965 ferre

186 1988 397 2034 germinare
428 1985 559 2025 facias.
1001 1985 1062 2024 fac
1092 1997 1159 2023 nos
1191 1986 1273 2031 tibi,
1308 1984 1479 2024 Domine,

44 2080 93 2117 12
112 2090 146 2118 a.
178 2079 229 2116 Hi
260 2079 368 2126 caeli,
862 2079 911 2117 12
930 2077 968 2117 b.
1000 2079 1043 2115 In
1075 2089 1230 2125 quorum

183 2147 276 2183 quos
305 2136 432 2183 magni
463 2136 611 2173 consilii
633 2135 788 2183 angelus
1004 2135 1189 2172 divisione
1225 2135 1425 2171 collectum
1456 2142 1607 2179 gregem

182 2192 388 2242 inhabitas,
1003 2191 1192 2228 custodias

182 2260 273 2296 quos
299 2261 374 2287 non
405 2260 546 2293 servos,
1002 2248 1207 2285 indivisum

1004 2310 1040 2341 et
1071 2305 1107 2342 in
1141 2305 1290 2342 vinculo
1321 2304 1438 2351 pacis,

1002 2365 1044 2398 ut
1073 2362 1112 2398 in
1146 2366 1183 2398 te
1213 2372 1326 2399 unum

1002 2419 1131 2467 simus,
1164 2418 1260 2455 sicut

1001 2475 1038 2512 in
1073 2479 1180 2522 patre
1210 2479 1250 2512 tu
1282 2486 1320 2511 es
1350 2485 1458 2514 unus,

183 2306 252 2343 sed
282 2306 423 2343 amicos
453 2306 638 2356 appellas,

184 2363 319 2410 quibus
349 2363 485 2413 omnia,

181 2430 276 2466 quae
306 2420 446 2457 audisti

182 2487 204 2513 a
234 2480 357 2524 patre,
390 2475 574 2515 notificas.

471 2556 534 2595 13.
582 2555 769 2592 Miserere
799 2554 907 2591 nobis

584 2615 636 2660 tu,
670 2612 734 2658 qui
764 2611 927 2657 habitas,

585 2680 664 2713 rex,
697 2669 734 2704 in
768 2668 896 2705 caelis.

134 2746 236 2787 Trop.
263 2757 325 2778 ms.
351 2747 596 2779 Rhenoviense
627 2756 717 2777 saec.
744 2744 829 2777 ls'ln.
879 2746 961 2777 Cod.
988 2747 1149 2778 Turicen.
1176 2747 1285 2779 Rhen.
1319 2744 1391 2778 132.
1418 2747 1495 2777 add.
1522 2756 1610 2776 saec.

49 2788 100 2822 11.
131 2791 170 2822 Α.
197 2808 240 2814 -
265 2792 370 2834 Trop.
394 2801 456 2824 ms.
484 2792 712 2833 Sangallense
739 2801 828 2822 saec.
857 2788 943 2823 ¹⁰l11.
985 2792 1068 2824 Cod.
1096 2793 1296 2834 Sangallen.
1324 2790 1390 2824 378
1426 2792 1502 2822 add.
1522 2801 1611 2822 saec.
