1785 3111
822 109 1131 149 —262—

401 226 435 264 7.
470 224 693 262 Adveniunt
723 224 870 270 pariter
895 234 1041 260 necnon
1072 223 1299 260 comitantur
1330 226 1478 260 euntem

526 280 721 328 Perspicui
754 279 906 326 fratres,
939 280 1100 327 angelici
1131 290 1320 327 proceres.

467 337 539 383 Qui
571 337 692 374 sancti
725 335 913 374 feretrum.
938 337 1275 374 circumvolitando
1307 336 1458 374 beatum

521 394 682 431 Alarum
715 404 884 440 expansu
914 393 1081 440 undique
1111 393 1280 430 membra
1310 396 1455 440 tegunt.

400 495 438 534 8.
469 494 564 532 Inde
595 493 863 538 Columbanus,
895 498 1024 531 noster
1054 498 1163 541 pater
1193 499 1305 541 atque
1335 494 1526 544 magister,

522 551 688 597 Alpibus
719 551 887 587 excursis
916 551 1103 597 acriisque
1134 551 1205 587 viis

465 607 540 644 Hic
571 607 696 644 aderit
726 617 906 655 praesens
936 607 1150 654 alacrisque
1180 608 1228 644 ad
1261 608 1398 654 gaudia
1428 611 1534 645 tanta

524 664 688 711 Agmina
719 663 911 710 coniungit
942 663 1158 701 consociata
1188 664 1312 701 simul.

401 768 439 807 9.
473 766 758 813 Coniunguntur
790 765 825 802 ei
855 766 998 803 celeres
1029 776 1254 814 gressusque
1286 765 1447 813 fatigant

523 823 618 860 Tres
648 833 795 870 quoque
826 822 1058 860 Francorum
1092 822 1332 870 Scottigenae
1363 823 1517 871 pariles,

467 880 567 926 Quos
599 880 761 917 volitans
789 878 889 916 fama
919 879 1108 935 asciscens
1139 880 1186 917 ad
1219 880 1357 925 gaudia
1388 884 1494 917 tanta

525 936 662 974 Unitos
693 936 833 973 tulerat
866 936 1040 974 dulcibus
1070 936 1274 984 obsequiis.

387 1040 453 1078 10.
484 1038 626 1076 Obvius
657 1038 743 1075 binc
773 1038 949 1086 proprios
980 1038 1112 1076 Gallus
1144 1038 1321 1086 producit
1351 1039 1521 1076 alumnos

527 1095 692 1142 Longius
723 1105 882 1132 occursu
913 1095 1147 1142 adpropians
1178 1095 1328 1143 rapido.

468 1154 578 1190 Hunc
610 1151 749 1188 circum
782 1151 945 1188 medium
978 1152 1186 1189 numerosis
1220 1151 1388 1189 coetibus
1419 1157 1552 1189 auctus

526 1208 718 1245 Densatur
745 1208 888 1246 nitidus
921 1208 1139 1246 caelicolum
1171 1209 1346 1256 populus.

372 1311 436 1351 11.
468 1310 606 1349 Omnes
637 1311 699 1358 qui
730 1311 876 1359 pariter
905 1314 1036 1348 sancta
1066 1314 1104 1347 te
1135 1321 1226 1347 voce
1256 1311 1423 1348 salutant

527 1367 579 1405 Et
608 1368 785 1415 proprios
812 1367 924 1417 lares,
959 1369 1156 1415 Magne,
1189 1367 1317 1404 subire
1349 1372 1494 1416 rogant,

470 1424 533 1474 Ut,
567 1435 660 1472 quos
691 1424 878 1461 aethereis
910 1424 1047 1461 retinet
1076 1424 1285 1461 communio
1315 1425 1479 1472 templis,

527 1481 602 1518 Hic
631 1491 778 1528 quoque
807 1481 991 1519 consortis
1022 1481 1150 1528 iungat
1182 1481 1334 1518 honoris
1365 1492 1484 1522 amor.

373 1585 436 1622 12.
469 1584 621 1622 Interea
652 1582 813 1620 Ottmari
844 1582 1056 1630 praestabit
1087 1592 1177 1620 cura
1208 1581 1323 1629 beati,

528 1639 678 1676 Mansio
710 1642 927 1675 constructa
957 1649 1104 1686 quoque
1134 1644 1270 1686 parata
1300 1638 1380 1685 fiat,

472 1696 525 1735 Ut
554 1696 606 1732 nil
640 1695 841 1742 displiceat
871 1696 1055 1732 venientis
1085 1695 1248 1743 hospitis
1278 1696 1348 1743 ori,

530 1753 664 1790 Omnia
695 1752 911 1800 splendenti
944 1753 1011 1789 sed
1042 1752 1188 1789 niteant
1217 1751 1325 1789 facie.

292 1865 395 1906 Trop.
425 1874 487 1895 ms.
522 1864 750 1906 Sangallense
783 1874 872 1895 saec.
907 1861 993 1895 ¹⁰l11.
1043 1863 1125 1895 cod.
1151 1864 1352 1905 Sangallen.
1377 1861 1453 1897 381.
1479 1881 1521 1885 —
1546 1865 1597 1895 Zu
1626 1863 1757 1896 diesem

201 1909 368 1943 Gedichte
394 1909 551 1941 bemerkt
569 1910 729 1941 Canisius
753 1910 871 1945 (bezw.
892 1909 1047 1949 Metzler)
1064 1910 1106 1947 V,
1132 1907 1216 1941 753:
1243 1910 1391 1949 „Incerti
1416 1911 1579 1947 auctoris,
1598 1908 1758 1941 monachi

201 1964 317 1987 tamen
342 1955 376 1987 S.
394 1955 488 1987 Galli
513 1958 628 1997 atque,
655 1959 693 1987 ut
718 1955 854 1986 videtur
878 1955 1140 1986 Hartmanni
1168 1959 1307 1996 propter
1330 1955 1499 1997 quosdam
1524 1955 1599 1986 eius
1624 1965 1758 1992 versuS‚

202 2012 288 2043 quos
320 2001 426 2032 habet
457 2001 560 2031 etiam
594 2001 629 2032 in
663 2001 789 2031 litania
814 1998 960 2031 Humili
978 1998 1114 2040 prece“.
1164 2001 1250 2031 Dem
1280 2000 1437 2032 schliesst
1465 2000 1539 2032 sich
1564 2000 1758 2042 Schubiger

203 2057 256 2081 an,
284 2045 539 2087 sangersehule
563 2043 617 2085 34,
643 2057 675 2077 n.
703 2044 723 2077 ‘2
748 2046 817 2077 und
843 2046 1023 2078 zweifelnd
1048 2046 1228 2077 Diimmler
1254 2047 1294 2077 N.
1321 2046 1360 2076 A.
1387 2046 1408 2077 1.
1434 2056 1462 2077 c.
1488 2047 1548 2078 Nr.
1574 2046 1632 2077 VI.

373 2214 453 2249 1218.
490 2213 569 2254 (11.)
605 2214 650 2248 In
675 2213 938 2258 Susceptione
964 2213 1240 2257 Reliquiarum
1266 2212 1406 2249 Sancti
1431 2213 1581 2256 Magni.

474 2319 521 2358 R.
562 2319 688 2366 Miles,
721 2319 770 2356 ad
802 2324 963 2356 castrum
999 2329 1181 2366 properes
1212 2319 1402 2357 novellum
1454 2319 1471 2333 ⁸

563 2376 715 2413 Pridem
748 2382 783 2412 et
814 2380 921 2413 notos
953 2379 1103 2422 repetas
1135 2375 1301 2421 locellos,

564 2433 721 2469 Posside
753 2437 892 2469 terram
924 2431 992 2468 tibi
1025 2437 1306 2479 praeparatam,

563 2490 653 2537 Iam,
688 2500 811 2526 comes
843 2488 957 2534 Galli,
990 2488 1136 2525 sociare
1166 2488 1237 2526 1111.

222 2604 257 2640 1.
290 2602 369 2639 Nos
401 2612 479 2647 sua,
511 2602 662 2651 Magne,
1033 2602 1069 2640 2.
1103 2601 1213 2638 Nunc
1243 2601 1371 2638 studet
1400 2601 1465 2638 ille

292 2658 453 2704 Pignora
483 2657 615 2695 Gallus
1103 2658 1181 2694 Rus
1212 2658 1441 2704 laquearque

291 2715 451 2751 Miserat
481 2715 529 2751 ad
560 2719 597 2750 te
1102 2714 1155 2750 Te
1184 2714 1357 2750 veniente

292 2771 419 2818 Teque
450 2771 578 2807 venire
1104 2772 1261 2807 Comere
1291 2771 1406 2817 laute,

292 2828 443 2875 Oppido
474 2828 609 2875 poscit.
1104 2827 1168 2863 Nil
1201 2827 1413 2865 remoreris.
