1785 3111
697 54 1007 94 —125—

218 169 255 206 2.
301 168 359 206 Tu
389 179 472 218 nos,
503 168 754 215 omnipotens,
788 169 1003 217 clementer,
1037 172 1178 213 sancte,
1209 178 1422 216 precamur⁷

298 225 430 262 Hostis
461 224 508 262 ab
539 224 689 262 insidiis
722 223 907 263 defendas
937 230 1048 262 nocte
1081 225 1228 272 dieque.

298 281 357 319 Sit
387 281 496 319 nobis
526 281 565 318 in
597 287 635 320 te
666 282 839 330 requies3
872 287 924 325 tu,
959 282 1135 319 conditor
1166 282 1276 329 alme,

298 339 508 376 Instantem
540 337 625 375 fieri
654 343 804 376 noctem
835 339 976 387 largire
1007 339 1186 386 quietem,

213 443 250 481 3.
298 441 357 478 Ne
388 441 514 488 gravis
546 441 732 488 impediat
759 443 880 479 noctis
912 442 1072 489 caligine
1103 452 1269 486 somnus,

296 497 430 535 Hostis
459 498 641 545 subrepat
672 498 781 536 nobis
813 510 859 535 ne
891 497 1026 536 fraude
1058 499 1234 547 maligna,

298 554 357 592 Ne
388 565 477 592 caro
506 556 702 602 peccando
734 554 881 602 fragilis
913 555 1124 592 consentiat
1154 555 1210 591 illi

297 611 452 659 Nosque
483 622 567 649 reos
599 616 741 649 statuat
771 612 869 650 iusto
900 612 969 649 sub
1000 612 1126 649 iudice
1158 611 1323 650 Christo.

213 717 252 752 4.
301 714 433 752 Gloria
463 725 599 761 magna
630 715 731 761 patri
763 715 902 763 iugiter
932 725 1001 761 per
1031 714 1184 752 saecula
1215 719 1363 763 cuncta,

300 771 434 809 Gloria
464 782 608 808 summa
638 772 760 818 patris
791 776 880 808 nato
910 772 959 808 sit
990 782 1140 818 semper
1170 771 1209 808 in
1238 781 1396 820 aevum3

297 828 457 877 Spiritui
489 827 685 866 amborum
715 828 862 875 pariter
892 828 941 864 sit
971 828 1093 875 gloria
1124 838 1276 875 perpes,

298 884 432 923 Gloria
463 885 673 922 saeclorum
704 896 774 932 per
804 885 956 922 saecula
984 885 1034 922 sit
1062 885 1241 925 trinitati.

154 985 299 1018 Collect.
331 996 394 1017 ms.
419 987 573 1017 incertae
598 987 685 1027 orig.
712 995 802 1017 saec.
833 983 884 1018 lO.
934 985 1017 1017 Cod.
1044 986 1199 1027 Lipsien.
1227 986 1312 1028 Rep.
1338 987 1364 1025 Ι,
1392 985 1445 1017 74.
1495 987 1632 1018 Daraus

61 1032 203 1072 Haupt,
235 1031 399 1063 Berichte
429 1031 490 1063 der
521 1031 593 1073 kgl.
629 1030 853 1063 sachsischen
887 1031 1015 1063 Gesell.
1049 1031 1080 1062 d.
1106 1031 1322 1063 WVissensch.
1347 1031 1477 1064 Philol.
1511 1033 1632 1063 histor.

60 1074 463 1154 1—5-l.3182150i‚usst.081—143
496 1077 691 1116 Diimmler,
714 1077 844 1109 Poetae
869 1077 957 1109 Aevi
985 1077 1100 1110 Carol.
1125 1077 1160 1116 Ι,
1197 1074 1250 1109 78.
1276 1095 1320 1099 —
1344 1074 1376 1117 3,
1402 1076 1423 1109 2
1449 1078 1633 1119 subripiat.

153 1146 160 1161 ,
347 1147 354 1154 .
