1785 3111
145 205 197 245 10

658 34 970 74 —161—

229 149 280 186 Hi
310 148 381 185 tibi
411 158 571 196 passuro
601 149 801 187 solvebant
828 149 954 200 munia
984 149 1120 196 laudis,

287 205 367 242 Nos
397 204 468 241 tibi
501 206 673 252 regnanti
705 205 917 254 pangimus,
951 217 1050 253 eece,
1084 206 1212 245 melos.

228 261 279 299 Hi
311 262 491 308 placuere
521 262 604 310 tibi,
636 263 785 309 placeat
818 263 967 300 devotio
999 268 1142 310 nostra,

285 318 368 356 Rex
399 318 474 365 pie,
506 329 574 356 rex
607 320 783 365 clemens,
817 320 877 357 cui
909 319 1006 357 bona
1038 324 1172 357 cuncta
1201 321 1368 367 placent.

226 375 390 413 Fecerat
420 375 617 413 Hebraeos
649 376 718 413 hos
751 377 871 423 gloria
903 377 1095 423 sanguinis
1128 377 1208 422 alti,

284 431 364 469 Nos
396 429 488 469 facit
519 432 716 470 Hebraeos
747 434 939 477 transitus,
975 444 1073 479 ecce,
1105 434 1201 480 pius.

146 490 196 528 15
229 489 367 526 Inclita
398 489 561 527 terrenis
592 490 777 526 transitur
807 491 856 527 ad
889 490 1045 527 aethera
1078 491 1199 535 victis,

143 774 192 811 20

141 1059 191 1096 25

140 1343 192 1381 30

143 1628 192 1666 35

137 1912 190 1950 40

136 2196 188 2233 45

137 2479 189 2517 50

285 545 414 582 Virtus
447 557 468 583 a
500 546 603 583 vitiis
636 558 701 583 nos
734 547 836 593 capit
866 547 965 583 alma
996 547 1116 586 tetris.

232 603 412 649 Nequitia
444 603 559 640 simus
591 604 710 652 pueri,
746 604 886 639 virtute
918 604 1020 649 vieti,

287 660 393 705 Quod
425 664 580 696 tenuere
612 664 753 708 patres,
788 660 847 708 da,
881 663 1075 696 teneamus
1106 659 1191 698 iter.

226 716 518 764 Degeneresque
548 720 698 762 patrum
730 727 776 753 ne
807 717 923 753 simus
955 717 1002 754 ab
1031 720 1113 752 arte
1144 717 1304 765 piorum,

283 773 362 810 Nos
393 777 458 810 tua
484 778 570 819 post
600 773 686 810 illos
718 773 841 820 gratia
871 780 1002 811 sancta
1033 773 1170 812 trahat.

229 831 288 869 Sis
319 830 404 876 pius
435 840 625 875 ascensor,
659 835 743 867 tuus
776 834 813 866 et
843 841 911 867 nos
948 831 1064 867 simus
1096 831 1249 879 asellus,

283 887 422 924 Tecum
456 897 524 923 nos
556 887 684 933 capiat
714 887 804 923 urbs
836 888 1053 924 veneranda
1084 887 1168 925 Dei.

225 943 351 981 Vestis
381 943 614 990 apostolicae
644 944 759 981 rutilo
792 943 939 990 fulgore
970 948 1152 993 tegamur,

281 1000 334 1037 Te
365 1000 461 1037 bene
492 1004 593 1037 tecta
624 1005 664 1037 ut
696 1011 739 1038 ea
769 1004 898 1038 nostra
930 1007 1084 1038 caterva
1116 1001 1239 1040 vehat.

225 1057 407 1104 Tegmina
437 1058 516 1095 sive
546 1058 692 1094 animae
723 1061 934 1095 sternamus
967 1069 1127 1104 corpora
1158 1063 1301 1107 nostra,

283 1114 364 1160 Quo
394 1125 465 1162 per
495 1124 562 1150 nos
593 1125 744 1160 semper
771 1115 821 1151 sit
851 1115 912 1151 via
948 1119 1028 1152 tuta
1059 1115 1141 1155 tibi,

227 1170 285 1208 Sit
314 1171 378 1218 pia
409 1182 479 1218 pro
510 1171 660 1217 palmae
692 1171 800 1208 nobis
833 1172 993 1209 victoria
1025 1172 1151 1215 ramis,

280 1227 334 1266 Ut
366 1227 436 1264 tibi
470 1228 616 1265 victrici
647 1233 750 1265 sorte
782 1240 959 1266 canamus
990 1230 1063 1266 ita:

227 1284 423 1332 Castaque
454 1296 524 1332 pro
557 1285 670 1322 ramis
702 1286 830 1322 salicis
861 1286 1087 1333 praecordia
1118 1290 1240 1333 sunto,

239 1350 242 1351 ’
281 1341 434 1388 Nosque
466 1352 622 1389 operum
655 1342 768 1379 ducat
799 1347 910 1390 prata
941 1343 990 1379 ad
1021 1353 1179 1380 amoena
1210 1343 1324 1381 viror.

223 1398 299 1435 Pro
330 1399 444 1435 ramis
475 1399 581 1435 oleae
611 1399 746 1446 pietas,
780 1400 844 1436 lux
875 1400 1083 1446 dogmaque
1114 1400 1236 1436 sancti

284 1455 470 1492 Flaminis
501 1455 539 1492 in
571 1456 679 1492 nobis
712 1456 759 1492 sit
789 1456 858 1493 tibi
892 1457 962 1493 rite
994 1458 1162 1504 placens,

227 1512 376 1550 Arbore
409 1512 455 1549 de
486 1512 580 1559 legis
613 1513 813 1550 caedamus
847 1514 1024 1560 dogmata
1055 1514 1251 1563 quaedam,

283 1570 374 1615 Quis
405 1568 583 1607 veniendi
616 1570 664 1606 ad
695 1581 762 1606 nos
794 1571 843 1606 sit
874 1571 934 1607 via
964 1575 1046 1607 tuta
1077 1571 1159 1608 tibi.

228 1627 445 1673 Nostraque
476 1627 530 1662 sic
561 1637 741 1673 praesens
774 1627 940 1663 celebret
973 1628 1123 1664 devotio
1155 1626 1305 1675 festum,

280 1683 467 1721 Continuo
500 1688 541 1721 ut
573 1684 723 1721 valeant
754 1695 878 1721 annua
909 1683 1008 1721 festa
1039 1684 1157 1731 sequi.

224 1740 370 1780 Urbem
400 1744 442 1776 ut
475 1750 557 1776 cum
590 1741 704 1777 ramis
737 1746 772 1777 et
804 1741 982 1778 laudibus
1012 1742 1108 1778 imus
1141 1742 1189 1778 ad
1221 1742 1344 1792 istam,

284 1797 394 1835 Celsa
424 1797 503 1844 poli
534 1797 679 1834 meritis
712 1796 773 1834 fac
803 1798 856 1834 ita
886 1799 994 1835 adire
1024 1798 1111 1846 piis.

224 1854 335 1891 Hanc
367 1854 405 1890 in
436 1864 564 1891 amore
596 1859 659 1891 tuo
692 1855 889 1891 collectam
921 1856 1069 1902 respice
1100 1854 1250 1902 plebem

282 1910 440 1958 Suscipe
472 1915 506 1947 et
536 1911 638 1948 illius
670 1916 758 1948 vota
789 1922 995 1959 precesque
1025 1912 1160 1950 libens,

220 1968 334 2013 Ecce,
367 1969 606 2004 sacerdotum
639 1968 772 2005 turbae
804 1969 1000 2016 popularis
1033 1972 1069 2005 et
1100 1969 1187 2006 aula

279 2024 451 2062 Concinit
484 2029 521 2061 et
550 2024 682 2061 laudes
715 2036 827 2062 sexus
856 2030 1014 2072 uterque
1046 2026 1128 2074 tibi,

221 2082 321 2128 Quos
352 2081 465 2118 habet
497 2081 719 2128 Andegavis
750 2083 980 2119 venerabilis
1012 2083 1176 2120 ambitus
1207 2082 1325 2128 urbis,

281 2138 351 2184 Qui
384 2139 448 2186 pia
481 2139 618 2176 devota
650 2140 818 2176 carmina
848 2144 974 2175 mente
1006 2145 1156 2189 canunt,

220 2195 339 2241 Quam
372 2195 566 2232 Meduana
595 2207 746 2232 morans
779 2194 882 2232 fovet
914 2201 951 2232 et
985 2197 1100 2243 Liger
1128 2207 1264 2233 aureus
1296 2200 1419 2246 ornat,

279 2253 399 2298 Quam
432 2257 513 2289 rate
546 2263 627 2288 cum
660 2253 735 2289 levi
768 2253 879 2290 Sarta
913 2253 1053 2290 decora
1083 2254 1200 2291 iuvat.

219 2308 357 2358 Fruge,
391 2319 474 2356 ope,
508 2309 686 2346 nundinis
718 2310 888 2356 pulchris
921 2315 958 2346 et
989 2310 1101 2346 rebus
1133 2310 1343 2356 abundans,

279 2365 412 2403 Obsita
443 2376 509 2402 seu
540 2366 680 2403 sanctis
713 2370 769 2402 est
801 2366 895 2403 bene
925 2370 1005 2403 tota
1035 2367 1140 2406 locis.

219 2422 334 2459 Plebs
367 2423 469 2459 venit
500 2422 632 2459 Albini
664 2427 818 2459 sanctae
849 2423 941 2460 haec
974 2424 1021 2460 de
1052 2425 1143 2460 sede
1176 2424 1279 2461 beati

280 2479 373 2516 Cum
406 2484 492 2516 voto
525 2484 560 2516 et
592 2480 705 2516 ramis
739 2480 907 2517 carmina
939 2480 1053 2527 digna
1084 2479 1223 2519 ferens.

221 2535 368 2582 Illaque
400 2536 588 2583 baptistae
621 2536 812 2573 concurrit
845 2536 891 2573 ab
924 2547 1011 2574 arce
1043 2537 1221 2574 Iohannis

279 2592 508 2629 Consocians
540 2593 654 2629 ramis
687 2593 788 2630 dicta
822 2604 959 2631 canora
991 2594 1081 2634 suis.

220 2649 312 2697 Nec,
348 2650 527 2693 Martius,
561 2650 695 2686 cohors
727 2654 790 2686 tua
821 2650 953 2699 serior,
987 2651 1097 2699 alme,
1131 2651 1293 2686 recurrit

276 2705 441 2752 Fertque
470 2717 581 2743 manu
612 2718 748 2755 ramos,
786 2712 910 2743 mente
942 2712 978 2743 et
1008 2708 1045 2743 in
1078 2718 1143 2744 ore
1175 2707 1305 2744 melos.

90 2828 255 2862 Dreves,
281 2830 487 2858 Lateinisehe
507 2831 800 2865 Hymnendichter.
829 2831 872 2857 ΙΙ.
1343 2827 1380 2860 ll
