1785 3111
164 187 226 224 79.

164 299 229 337 80.

157 1317 223 1355 89.

160 1430 225 1467 90.

160 1542 225 1580 91.

161 1656 224 1694 92.

160 1769 224 1806 93.

161 1882 225 1919 94.

160 2221 230 2258 97.

163 2391 230 2440 93.

164 2504 228 2541 99.

136 2615 230 2653 100.

135 2728 229 2766 101.

762 69 1072 110 —504—

278 184 428 231 Templi
459 188 537 221 stat
567 184 688 230 portis
719 183 843 220 aureis

271 242 379 288 Onyx
412 240 547 277 coloris
579 240 755 287 triplicis,

277 296 355 334 Hic
372 295 596 334 flammescit
615 296 878 338 carbunculus,

275 354 386 390 Vitae
419 354 542 390 clarus
575 353 792 400 virtutibus,

220 440 228 449 .
277 408 398 447 Ornat
429 410 554 447 aulam
588 410 656 446 sed
686 409 839 446 ultimus

277 467 441 513 Compar
470 467 507 503 in
539 466 655 513 gestis
689 466 850 514 sardius,

221 553 229 561 .
276 522 490 560 Luculenta
522 523 778 570 chrysocomis

276 580 424 626 Templi
441 583 669 616 structuram
684 579 880 626 gemmulis

220 667 228 675 .
278 635 496 683 Iunguntur
526 636 603 673 vivi
635 636 797 682 lapides,

275 693 416 731 Polivit
447 693 541 729 istos
575 691 726 731 artifex.

220 780 227 788 .
277 747 435 787 Constat
465 749 639 786 caelestis
670 749 825 795 specula

277 807 421 843 Harum
453 811 649 852 petrarum
681 804 854 850 formula,

220 895 227 902 .
275 861 413 900 Attriti
443 862 703 909 corporalibus

277 919 468 956 Probandi
500 918 737 955 tunsionibus

273 974 363 1013 Sion
396 976 479 1012 istis
513 975 755 1019 construitur,

274 1032 345 1068 His
376 1033 496 1078 petris
530 1032 624 1068 vivis
658 1032 815 1078 cogitur,

220 1119 228 1127 .
275 1087 379 1125 Pace
410 1099 565 1134 regnum
598 1088 850 1134 componitur,

274 1145 360 1182 Non
399 1145 510 1181 bellis
541 1145 663 1182 saevis
699 1145 879 1194 quatitur,

220 1231 227 1239 .
276 1200 380 1239 Ordo
412 1201 550 1248 quietis
582 1202 706 1238 omnia

276 1260 373 1296 Pace
406 1258 573 1304 disponit
605 1258 766 1304 agmina.

270 1314 355 1352 Non
388 1313 548 1362 signifer
579 1315 772 1351 Romuleis

275 1372 458 1409 Coronam
491 1376 617 1417 captat
650 1372 799 1419 aquilis,

274 1426 483 1474 Suspendit
514 1428 626 1464 fidem
660 1428 754 1465 visio

273 1485 387 1531 Regis
420 1489 575 1531 patente
606 1485 711 1534 solio,

275 1539 367 1579 Alta
402 1542 518 1579 corda
549 1552 644 1588 quae
675 1542 809 1588 tenuit,

274 1595 366 1634 Pars
398 1603 568 1645 augetur,
601 1609 675 1635 non
708 1598 849 1645 deficit,

274 1652 428 1692 Caelum
462 1655 555 1692 caeli
589 1666 663 1701 pax
696 1656 833 1701 aperit,

271 1712 373 1757 Quae
404 1712 485 1748 sola
517 1712 658 1748 sanctis
690 1710 828 1757 adfuit,

273 1765 304 1804 Ο
338 1778 494 1810 merces,
535 1768 635 1805 vitae
666 1769 874 1814 speculum,

274 1824 406 1860 Fontis
437 1826 583 1861 aeterni
614 1825 803 1870 poculum,

273 1879 389 1917 Lucis
420 1885 579 1929 creator,
613 1881 784 1927 Domine,

273 1937 360 1983 Quis
401 1937 462 1973 hic
493 1937 609 1974 stabit
640 1937 676 1973 in
709 1948 876 1984 munere,

217 2023 225 2031 .
271 1992 385 2032 Vnde
417 1992 610 2040 profectus
641 1994 832 2031 hominum

271 2050 334 2097 Te,
371 2049 532 2097 Christe,
566 2051 873 2099 promerentium,

274 2105 454 2143 Millenae
497 2111 637 2145 mortes
667 2112 877 2153 martyrum

272 2163 365 2200 Tale
395 2174 469 2200 non
501 2167 662 2210 aequant
688 2164 876 2213 meritum,

277 2219 388 2257 Bona
420 2220 550 2263 bonus.
584 2230 650 2256 rex
682 2220 837 2269 optime,

277 2275 378 2313 Sorti
410 2287 592 2322 procuras
622 2278 800 2324 propriae

278 2387 489 2435 Agonistae
521 2390 691 2434 victoria,

273 2445 330 2481 Tu
361 2455 497 2482 corona
529 2450 606 2482 stas
638 2456 764 2494 aurea,

277 2500 379 2547 Iesu,
412 2502 490 2538 vita
523 2503 739 2548 viventium,

276 2557 370 2603 Spes
401 2562 556 2594 aeterna
589 2560 840 2609 regnantium,

277 2612 425 2651 Nomen
456 2619 557 2650 tuum
592 2615 628 2651 in
662 2617 812 2652 saecula

275 2671 377 2717 Quae
397 2670 507 2717 digne
524 2670 681 2707 laudant
698 2673 876 2713 carmina.

277 2725 433 2763 Trinum
466 2727 639 2773 personis
673 2729 835 2774 applica,

277 2783 352 2821 Sed
382 2794 495 2819 unum
528 2783 565 2819 in
597 2783 820 2822 substantia.

984 185 1047 223 79.

980 298 1044 335 80.

979 410 1044 447 81.

983 524 1049 561 82.

982 637 1048 675 83.

981 751 1046 788 84.

981 864 1047 904 85.

979 977 1043 1015 86.

982 1090 1046 1128 87.

982 1203 1048 1241 88.

981 1316 1046 1354 89.

981 1431 1046 1469 90.

980 1545 1046 1582 91.

976 1884 1040 1921 94.

976 1998 1042 2032 95.

977 2109 1041 2147 96.

978 2222 1044 2259 97.

978 2391 1044 2429 98.

978 2504 1042 2541 99.

953 2610 1043 2654 10'0.

953 2729 1044 2766 101.

1094 182 1213 233 Mitis,
1246 183 1442 230 benignus,
1475 183 1633 229 sobrius,

1095 239 1246 277 Christo
1275 240 1371 277 nihil
1401 240 1605 287 acceptius,

1092 295 1280 343 Exemplo
1310 297 1375 333 lux
1407 301 1443 333 et
1476 297 1664 344 dogmate,

1091 353 1210 390 Matri
1239 354 1388 390 iunctus
1421 352 1639 393 catholicae,

1092 408 1180 446 Non
1211 410 1304 456 legis
1337 410 1460 447 carnis
1488 409 1639 460 inscius,

1097 466 1194 502 Dum
1226 465 1386 503 florebat
1417 466 1633 503 virtutibus.

1097 521 1206 559 Tutis
1238 523 1402 569 adauget
1432 523 1582 570 gaudia,

1096 581 1227 616 Cessat
1259 578 1350 616 ferri
1382 580 1555 617 materia.

1095 634 1225 673 Iactos
1258 636 1362 673 duris
1393 636 1578 672 malleolis

1096 692 1217 730 Cursu
1247 692 1411 729 labentis
1442 691 1639 738 temporis.

1094 748 1238 786 Beatos
1270 759 1365 796 quae
1396 747 1596 796 significat,

1094 805 1252 842 Sanctos
1281 806 1352 842 Dei
1383 816 1478 852 quae
1508 805 1667 852 typicat.

1093 861 1231 900 Vivaci
1263 862 1353 899 lima
1385 862 1478 898 secti
1509 866 1608 910 sunt,

1095 919 1190 956 Inde
1221 919 1338 955 muris
1371 918 1610 955 conveniunt.

1093 973 1189 1013 Sunt
1222 975 1270 1012 ab
1309 975 1379 1012 hac
1409 975 1542 1022 procul
1573 974 1698 1011 omnia

1097 1032 1218 1077 Vitae,
1251 1033 1382 1068 mortis
1417 1031 1647 1068 discrimina.

1096 1087 1238 1125 Terror
1264 1089 1389 1126 letalis
1421 1088 1602 1125 buccinae

1095 1145 1189 1182 Silet
1220 1150 1378 1191 paccato
1410 1145 1541 1182 milite.

1094 1200 1233 1238 Exstat
1263 1202 1396 1248 procul
1428 1202 1486 1238 his
1517 1200 1654 1237 finibus

1095 1257 1241 1296 Inflatis
1272 1269 1372 1295 mors
1406 1256 1648 1295 draconibus.

1094 1313 1238 1352 Portae
1273 1315 1346 1352 iam
1378 1314 1499 1351 nitent
1530 1313 1696 1361 patulae,

1095 1372 1176 1408 Pax
1207 1383 1282 1408 una
1313 1376 1439 1408 certae
1470 1371 1629 1418 patriae.

1094 1427 1153 1465 Ex
1188 1428 1296 1465 donis
1327 1428 1401 1465 iam
1431 1427 1610 1464 exhibitis

1094 1485 1188 1531 Spes
1219 1485 1359 1531 peribit
1391 1495 1436 1521 ex
1468 1484 1628 1530 superis.

1092 1540 1274 1588 Regnans
1306 1552 1452 1578 sursum
1475 1539 1691 1589 immobilis,

1089 1598 1184 1645 Quia
1215 1597 1518 1635 interminabilis.

1090 1654 1243 1692 Florem
1267 1655 1395 1691 mundi
1417 1654 1503 1691 dum
1522 1658 1690 1691 tererent

1090 1712 1139 1748 Et
1159 1722 1292 1758 pacem
1314 1712 1436 1748 Deum
1452 1714 1690 1757 quaererent.

1034 1799 1042 1806 .
1090 1767 1212 1805 Ethra
1243 1779 1313 1816 per
1343 1768 1421 1805 alta
1452 1767 1603 1804 bibulos

1092 1824 1305 1863 Sitibundis
1337 1825 1430 1862 dans
1463 1823 1627 1861 rivulos!

1091 1880 1183 1919 Cum
1217 1881 1322 1928 regni
1353 1881 1401 1917 sit
1432 1881 1611 1917 introitus

1089 1939 1238 1975 Merces
1269 1938 1365 1975 actis
1395 1932 1621 1975 laboribus2

1090 1991 1176 2032 Iam
1208 2000 1245 2031 te
1277 1993 1418 2031 fontem
1445 1993 1509 2040 qui
1530 1993 1693 2040 hauriat,

1090 2051 1173 2087 Lux
1205 2056 1358 2088 aeterna
1390 2061 1462 2097 quo
1492 2050 1631 2088 radiat.

1089 2105 1249 2153 Semper
1270 2108 1370 2154 quod
1393 2111 1448 2142 est
1467 2116 1536 2142 nec
1552 2105 1696 2152 deficit,

1091 2164 1161 2201 Cui
1193 2163 1289 2200 bono
1321 2163 1375 2200 nil
1407 2161 1539 2201 officit.

1092 2219 1147 2257 Te
1178 2220 1301 2267 ipsum
1335 2219 1460 2257 dando
1491 2218 1600 2265 filiis3

1092 2277 1189 2322 Quid
1214 2277 1298 2324 plus
1321 2281 1504 2323 quaerant
1524 2275 1562 2312 in
1580 2286 1689 2322 prae-

1424 2330 1534 2368 miis'?

1092 2388 1259 2427 Intranti
1293 2389 1483 2436 praebens
1513 2389 1679 2425 lauream

1095 2448 1185 2484 Post
1217 2445 1365 2483 felicem
1399 2445 1608 2483 victoriam.

1090 2501 1235 2540 Amore
1267 2514 1338 2549 quo
1370 2507 1458 2538 tunc
1488 2501 1636 2548 iubilet,

1094 2559 1148 2596 Te
1177 2560 1297 2596 lucem
1329 2559 1392 2605 qui
1423 2557 1625 2603 suscipiet!

1090 2614 1168 2653 Vbi
1201 2616 1322 2651 trinus
1354 2619 1391 2651 et
1420 2614 1545 2650 unitas

1093 2671 1169 2710 Ubi
1197 2682 1292 2707 unus
1325 2676 1361 2707 et
1391 2669 1572 2706 trinitas‘.>

1096 2726 1233 2765 Totum
1264 2726 1533 2764 indivisibilem

1093 2784 1173 2820 Nec
1204 2783 1384 2831 gradibus
1415 2783 1626 2820 rotabilem.
