1785 3111
266 299 314 335 15

265 581 316 618 20

259 864 309 901 25

255 1149 276 1185 3
283 1150 306 1184 Ο

782 68 1091 108 -216-

350 183 548 220 Artificem
580 183 777 231 proprium
808 183 1064 231 pulcherrima
1095 182 1245 221 flamma
1275 183 1463 231 loquatur⁷

352 241 402 277 Et
436 240 593 287 rapidus
626 239 779 277 Domini
810 250 944 276 nomen
977 239 1087 277 simul
1118 246 1243 277 aestus
1275 239 1439 279 anhelet.

350 297 431 333 Hoc
462 296 633 343 glacialis
665 297 795 343 hiems,
828 296 899 333 hoc
927 296 1074 333 torrida
1106 301 1282 344 personet
1315 302 1450 337 aestas,

348 353 512 390 Roscida
542 353 744 401 temperies
776 358 812 389 et
842 358 1014 399 tempora
1046 364 1139 390 cana
1170 354 1316 400 pruinis

348 410 665 456 Horrendumque
697 410 783 457 gelu
815 414 851 446 ct
882 409 1007 456 magni
1038 410 1095 446 vis
1128 409 1280 456 frigoris
1312 410 1444 456 ingens

347 467 396 503 Et
429 467 569 513 glacies
601 467 738 504 crustis
771 471 921 503 vertens
953 466 1178 503 immanibus
1209 466 1332 503 undas

347 525 473 570 Atque
506 524 610 560 nives
645 525 760 561 denso
792 523 961 560 velantes
991 524 1132 560 vellere
1163 528 1285 560 terras

348 580 504 617 Auctori
534 591 603 627 per
634 580 759 618 saecla
790 580 870 616 Deo
901 591 968 616 sua
1000 580 1167 617 carmina
1200 580 1341 618 dicant.

346 637 456 673 Hunc
487 648 561 674 nox
593 636 808 674 somniferis
836 637 1033 673 involvens
1066 641 1200 673 cuncta
1229 636 1396 673 tenebris

346 695 472 739 Atque
507 694 586 731 dies
617 694 742 731 varios
775 693 1011 739 distinguens
1043 694 1126 730 luce
1158 693 1303 730 colores

344 751 603 797 Mortalesque
634 751 777 788 animos
808 750 991 787 terrentia
1024 748 1174 797 fulgura
1204 750 1361 787 laudent

345 807 396 844 Et
426 807 544 844 nubes
576 808 681 855 largo
716 807 879 844 ditantes
911 806 1028 843 ubere
1059 812 1195 845 terras.

400 864 466 906 Te,
499 868 612 913 sator,
646 865 848 900 immensas
880 863 992 900 tellus
1024 862 1183 900 fundata
1214 874 1283 911 per
1314 863 1448 910 undas,

346 921 399 957 Te
430 932 577 968 quoque
608 921 760 957 sublimi
791 921 999 967 gaudentes
1030 921 1173 957 vertice
1204 925 1349 957 montes

346 977 397 1014 Et
428 978 543 1014 colles
574 978 706 1014 humili
738 981 955 1025 spectantes
987 977 1115 1014 sidera
1147 978 1244 1014 collo

347 1035 559 1081 Aeriacque
591 1039 724 1071 sonent
756 1034 920 1070 iucundo
952 1044 1143 1071 murmure
1174 1035 1293 1071 silvae

346 1095 471 1138 Atque
502 1092 622 1128 omnis
655 1091 821 1127 celebret
854 1089 953 1127 fetus
985 1091 1133 1127 telluris
1165 1091 1326 1137 opimae.

340 1148 433 1184 Tum
467 1147 589 1185 fontes
621 1148 747 1194 gelido
775 1147 1017 1184 moderantes
1049 1152 1221 1185 caumata
1253 1152 1345 1194 potu

346 1205 393 1241 Et
426 1205 542 1241 maria
578 1205 768 1242 horrendo
800 1204 1008 1250 quatientia
1038 1204 1151 1242 litora
1182 1203 1299 1241 fluctu

348 1262 640 1308 Flumineusque
673 1265 782 1298 canat
814 1262 942 1307 lapsus
975 1261 1138 1298 clamore
1170 1272 1316 1298 sonoro.

347 1318 400 1355 Te
432 1320 503 1355 ceti
535 1318 717 1356 immanes
749 1322 786 1354 et
817 1318 1003 1364 quidquid
1032 1322 1160 1365 reptat
1190 1318 1228 1354 in
1259 1317 1372 1354 undis

346 1375 396 1411 Et
428 1373 621 1412 volucrum
655 1375 776 1412 dulcis
807 1375 937 1411 laudet
970 1380 1172 1412 concentus
1202 1375 1239 1411 in
1272 1374 1387 1422 agris.

350 1434 405 1470 Te
436 1443 613 1479 pecorum
647 1432 747 1468 mitis
779 1442 883 1479 grex.
916 1431 1058 1481 inclite,
1093 1436 1269 1478 personet
1302 1435 1339 1467 et
1372 1436 1408 1467 te

349 1489 412 1525 Vis
445 1490 556 1525 etiam
587 1494 737 1526 resonet
770 1488 990 1525 rabidarum
1022 1493 1132 1526 torva
1163 1487 1342 1526 ferarum.

348 1546 459 1582 Hunc
491 1546 681 1583 hominum
714 1556 822 1582 omne
853 1556 969 1592 genus
1001 1546 1149 1593 pollens
1181 1546 1327 1582 ratione
1358 1545 1506 1591 potenti

347 1603 558 1639 Innumeris
590 1604 735 1639 recinat
763 1602 915 1651 linguis,
949 1603 1048 1639 hunc
1078 1604 1163 1649 ipsa
1194 1602 1352 1639 resultet

304 1696 307 1701 Α
349 1660 607 1696 Israelitarum
640 1660 795 1697 nimium
825 1659 934 1706 plebs
967 1670 1055 1697 cara
1087 1660 1247 1706 tonanti,

266 1718 288 1752 4
295 1717 317 1752 O

266 2002 317 2037 45

352 1717 513 1763 Vosque,
548 1717 778 1765 sacerdotes,
812 1727 905 1762 quos
936 1716 1063 1753 nobile
1092 1727 1244 1763 germen
1277 1715 1406 1752 Aaron

349 1773 497 1820 Edidit,
530 1779 567 1809 et
597 1784 706 1811 sacro
737 1774 875 1810 levitae
906 1774 1087 1820 sanguine
1119 1773 1226 1819 creti,

348 1830 446 1874 Quos
478 1831 624 1876 proprii
655 1830 788 1877 templi
824 1830 941 1866 voluit
971 1830 1073 1867 Deus
1107 1841 1189 1866 esse
1220 1829 1426 1872 ministros,

352 1887 558 1932 Perpetuas
590 1897 728 1933 supero
760 1887 892 1923 laudes
927 1887 1131 1933 persolvite
1163 1887 1255 1934 regi.

403 1943 567 1989 Spiritus
600 1944 699 1980 hunc
729 1944 951 1989 animaeque
984 1944 1083 1980 ciant
1116 1954 1183 1990 per
1215 1941 1340 1980 saecla
1373 1941 1519 1987 piorum

350 2000 399 2036 Et
432 2000 554 2036 sancti
585 2006 697 2047 atque
728 2000 888 2036 humiles
920 2012 1015 2047 pura
1047 2000 1189 2048 pietate
1221 1999 1477 2046 frequentent,

347 2057 457 2094 Hunc
487 2058 640 2094 Anania
672 2068 779 2093 sacer
810 2068 953 2093 summo
985 2058 1160 2094 sustollat
1190 2067 1329 2103 amore,

346 2114 471 2160 Atque
502 2115 640 2151 Azaria
672 2114 784 2151 simul
815 2114 1026 2151 reverendo
1058 2114 1253 2160 praedicet
1285 2124 1364 2161 ore⁷

347 2170 393 2205 Et
428 2171 563 2208 Misael
596 2171 754 2217 pulchro
787 2177 938 2207 sanctus
971 2171 1161 2207 collaudet
1194 2181 1332 2219 amore,

347 2227 414 2271 Qui
447 2239 486 2263 se
520 2228 566 2263 de
598 2228 721 2264 medio
754 2226 919 2264 fornacis
951 2227 1102 2264 turbine
1134 2232 1234 2264 tutos

300 2285 307 2286 ’
349 2283 457 2319 Eruit
491 2289 525 2319 et
559 2285 660 2320 venti
693 2285 856 2320 rorantis
887 2283 1037 2321 flamine
1070 2283 1176 2333 fovit,

347 2340 437 2377 Cum
472 2341 617 2387 rapidis
650 2341 763 2377 cincti
796 2346 973 2378 canerent
1009 2342 1099 2378 haec
1131 2340 1299 2378 carmina
1332 2338 1506 2386 flammis,

350 2396 507 2442 Vimque
539 2409 642 2434 suam
675 2398 815 2434 oblitus
844 2402 994 2435 sanctos
1025 2409 1098 2434 non
1131 2398 1300 2434 laederet
1331 2396 1441 2444 ignis.

350 2453 423 2489 Res
456 2454 551 2490 mira
583 2459 618 2490 et
652 2455 765 2491 nullis
797 2455 986 2491 abolenda
1016 2456 1053 2491 in
1086 2454 1236 2491 saecula
1267 2453 1424 2492 saeclis!

350 2509 429 2545 Non
463 2521 562 2553 caro,
596 2522 669 2547 non
701 2511 831 2558 vestis,
864 2523 936 2548 non
970 2511 1124 2548 verticis
1157 2512 1237 2557 ipse
1271 2509 1431 2555 capillus

346 2567 534 2603 Ardorcm
567 2568 681 2603 sensit
715 2568 862 2614 piceum
894 2569 1114 2605 flammaeve
1146 2577 1338 2613 vaporem,

347 2623 442 2668 Quin
475 2623 565 2659 laeti
596 2629 707 2670 atque
740 2624 886 2661 alacres
918 2625 1001 2670 ipso
1034 2628 1213 2671 poscente
1247 2627 1407 2671 tyranno

348 2679 503 2725 Egressi
534 2680 572 2716 in
604 2680 736 2717 laudes
768 2682 847 2717 veri
881 2681 1059 2718 domuere
1092 2679 1252 2727 profana

350 2736 424 2772 Ora
454 2736 537 2783 Dei,
572 2747 644 2782 quo
676 2737 833 2783 pallenti
864 2738 1040 2774 mirantia
1072 2737 1176 2773 vultu

349 2792 516 2829 Horrore
547 2793 688 2839 ingenti
721 2797 954 2830 tremuerunt
990 2793 1155 2832 barbara
1189 2792 1314 2833 corda.
