1785 3111
692 93 1000 135 —277—

92 209 163 248 6a.
199 207 251 244 Et
281 207 404 253 primo
436 217 640 254 congressu
912 208 984 247 6b.
1024 208 1175 245 Exinde
1208 208 1378 245 collectis

206 264 349 302 rabiem
382 263 576 302 Iudaicam
1024 265 1168 302 viribus
1199 265 1404 303 Arabicam

202 321 241 357 in
272 320 458 358 Damasco
1026 322 1193 368 experiri

202 376 428 415 confuderat
456 377 537 414 acri
567 377 682 418 bello.
1025 378 1220 425 profectus
1252 383 1307 415 est
1340 378 1570 417 barbariem.

89 480 159 518 7a.
199 479 374 526 Denique
404 479 477 516 iste
509 478 670 526 belliger
914 479 986 520 7b.
1025 479 1212 517 Noctibus
1243 485 1321 518 tam
1352 479 1567 518 indefessus

202 536 360 573 eximius
1024 541 1066 573 ut
1099 537 1232 574 diebus

201 593 332 630 Asiam
1023 593 1072 630 ad
1102 594 1221 630 solam

203 653 241 686 et
271 649 437 696 Lybiam
469 649 692 687 indomitam
1025 650 1159 686 summi
1189 650 1432 698 imperatoris

202 706 407 743 monarcho
1022 706 1175 743 laudem
1206 712 1288 743 arte

201 763 365 810 primato
1024 767 1061 799 et
1091 763 1233 800 virtute

204 819 427 857 tributarias
459 829 542 856 esse
573 818 677 857 fecit.
1024 820 1174 866 palmae
1205 820 1363 867 gloriam
1396 821 1596 858 asciscere.

90 922 162 959 Sa.
198 921 272 958 Hic
303 921 441 958 Cilicos
913 920 986 959 8b.
1025 921 1237 967 Emathios,

201 982 314 1024 atque
342 977 546 1024 Achaicos,
1025 979 1159 1028 Troas,
1192 979 1394 1028 Ephesios,

200 1034 383 1083 Rhodios,
417 1035 601 1082 Iconium,
1024 1036 1188 1080 Atticos,
1222 1036 1451 1082 Corinthios,

202 1091 524 1140 Thessalonicam,
559 1092 721 1129 Pontum
1025 1090 1392 1144 Pamphilicosfflue]
1429 1094 1572 1141 Cretas,

202 1147 467 1195 Galatiamque
495 1148 598 1195 vicit,
1025 1149 1196 1187 Thraces
1228 1155 1265 1186 et
1297 1151 1487 1198 illyricos·

90 1252 161 1290 9a.
202 1250 273 1287 His
304 1261 375 1297 pro
405 1250 610 1288 sudoribus
910 1251 984 1290 9b.
1023 1252 1076 1289 Ut
1107 1263 1248 1289 arcana
1280 1253 1375 1289 caeli

202 1307 257 1343 sic
288 1318 370 1344 eum
403 1307 586 1346 Dominus
1023 1310 1130 1355 prius
1162 1310 1336 1356 intraret,
1369 1321 1480 1356 quam

201 1364 409 1410 coronavit,
1024 1365 1175 1404 obierit.

63 1467 162 1506 10a.
199 1468 290 1505 Post
320 1467 452 1514 longos
883 1468 933 1506 10
949 1466 984 1506 b.
1023 1468 1133 1505 Hanc
1164 1472 1269 1505 tanto

202 1524 239 1560 in
262 1523 440 1560 membris
462 1524 594 1561 mundi
613 1522 809 1561 conflictus
1022 1526 1315 1572 propulsaverat
1347 1526 1552 1575 triumpho,

202 1585 317 1627 caput
346 1581 469 1627 ipsum
503 1581 661 1618 Romam
1023 1583 1121 1618 mole
1152 1587 1193 1618 ut
1224 1584 1402 1621 vincendi

200 1638 239 1674 in
270 1638 414 1684 impetu
443 1638 581 1675 mentis
611 1638 703 1676 adit.
1023 1640 1106 1685 ipse
1137 1650 1284 1686 quoque
1315 1645 1530 1688 oppeteret.

64 1739 110 1776 11
126 1749 159 1777 a.
197 1740 313 1786 Quem
357 1750 467 1776 verus
498 1744 625 1777 tantas
657 1739 810 1777 sibimet
883 1741 932 1779 11
947 1741 984 1780 b.
1022 1741 1176 1787 Simoni,
1213 1742 1347 1778 ducum
1381 1743 1558 1791 principi,

202 1807 270 1833 rex
300 1795 485 1833 ferentem
1023 1808 1109 1834 mox
1141 1803 1325 1845 coaequat

204 1853 299 1889 vidit
331 1854 492 1901 laureas,
1021 1856 1058 1891 in
1091 1851 1184 1892 arce
1209 1856 1300 1902 poli.

63 1955 112 1992 12
127 1966 160 1993 a.
200 1955 310 1992 Nunc
327 1966 461 2003 preces
480 1954 628 1993 fundite
641 1956 807 2004 sedulas,
881 1958 932 1996 12
946 1957 983 1996 b.
1021 1958 1074 1996 Ut
1106 1968 1239 2005 preces
1273 1959 1400 1995 dando
1434 1961 1630 1998 continuas

200 2012 263 2058 qui
294 2013 417 2059 gratia
447 2024 513 2050 vos
1022 2026 1179 2061 magnus
1209 2016 1274 2052 ille
1305 2027 1372 2052 nos

202 2069 345 2106 Christi
374 2069 495 2106 nostis
523 2070 686 2119 indigos,
1020 2072 1059 2108 in
1091 2072 1355 2119 paradisiacis,

199 2126 288 2172 quia
318 2127 459 2164 Paulus
490 2126 552 2163 hic
1020 2129 1059 2165 in
1091 2140 1186 2175 quae
1218 2134 1349 2175 raptus
1382 2134 1450 2177 est,

203 2193 360 2229 magnus
392 2188 449 2220 est
479 2184 583 2230 apud
615 2183 750 2230 Deum,
1023 2185 1183 2222 collocet
1216 2196 1340 2222 secum
1374 2187 1479 2225 locis.

62 2284 112 2323 13
127 2296 162 2322 a.
199 2284 278 2322 Nos
312 2285 428 2332 igitur
459 2286 650 2332 supplices
880 2287 932 2324 13
946 2286 982 2326 b.
1022 2288 1075 2326 Ut
1107 2287 1272 2324 stadium
1303 2287 1392 2325 fidei

202 2342 241 2377 in
273 2341 343 2378 hac
376 2342 437 2378 die
1024 2344 1236 2390 legitimum

200 2408 270 2434 nec
300 2409 374 2435 non
405 2399 508 2435 omni
540 2402 724 2448 tempore,
1021 2401 1121 2437 haud
1154 2401 1265 2437 lassis
1298 2408 1537 2447 permeantes

0 2486 2 2512 ᾖ
200 2465 221 2491 o
254 2455 381 2501 Paule⁷
1025 2458 1196 2494 cursibus

0 2515 2 2549 l
203 2522 283 2547 cum
318 2512 468 2549 Christo
500 2511 626 2560 refice,
1023 2525 1199 2552 coronam
1232 2520 1480 2561 reportemus.

0 2554 5 2632 ζ
149 2601 311 2643 Sequent.
339 2612 400 2633 ms.
426 2602 654 2644 Sangallense
680 2603 763 2634 anni
792 2600 888 2633 1507.
938 2603 1021 2635 Cod.
1048 2604 1248 2646 Sangallen.
1277 2604 1459 2643 ,Brandem
1483 2602 1559 2635 546.
1586 2622 1627 2625 -

0 2640 7 2674 ‘t
61 2642 91 2682 7,
126 2644 145 2675 5
176 2647 243 2678 arti
285 2664 325 2668 -—
361 2646 425 2685 Sa,
456 2645 476 2678 2
509 2652 543 2679 et
566 2648 749 2679 Achaieos.
775 2667 819 2670 —
851 2646 912 2685 921,
940 2646 959 2679 2
985 2650 1035 2680 sie
1063 2660 1140 2680 euin
1167 2651 1350 2681 coronavit
1376 2651 1558 2681 Dominus.
1584 2667 1629 2670 a

3 2699 7 2713 ¹
63 2687 103 2721 13
114 2691 144 2728 bs
175 2691 189 2723 1
216 2692 380 2723 studium.
408 2690 537 2730 —.3b‚
563 2690 584 2724 3
614 2694 707 2725 haud
732 2694 853 2734 lapsis„
879 2711 924 2714 ——
948 2694 1158 2726 Aufschrift:
1190 2697 1243 2727 De
1269 2697 1490 2727 sanctissimo
1517 2695 1627 2726 Paulo

5 2745 7 2768 1
60 2737 220 2775 apostolo
253 2747 294 2768 ac
325 2739 482 2778 gentium
515 2738 656 2770 doctore
689 2740 725 2770 in
759 2741 1087 2771 commemoratione
1115 2742 1270 2773 eiusdem
1298 2741 1445 2781 „liddy
1471 2740 1628 2771 Karlo-

4 2776 10 2822 ξ
60 2780 289 2814 mannici.“
332 2784 409 2825 Vgl.
436 2785 513 2815 eine
538 2786 673 2823 zweite‚
699 2784 882 2816 derselben
908 2785 1028 2817 WVeise
1056 2786 1217 2827 folgende
1242 2786 1400 2827 Sequenz
1428 2786 1482 2816 bei
1502 2784 1628 2816 Dum&-

6 2829 10 2868 ᾖ
61 2826 103 2857 ril
128 2827 154 2865 Ι,
184 2825 246 2859 163
272 2827 303 2858 ff.
330 2829 399 2859 und
425 2829 510 2860 iiber
536 2830 636 2861 beide
662 2829 819 2868 Bartsch,
845 2830 901 2862 die
928 2831 987 2862 lat.
1007 2831 1212 2873 Sequenzen
1237 2832 1296 2863 des
1315 2832 1414 2867 Mn,
1447 2829 1507 2861 1-37
1534 2830 1565 2861 ff.
1587 2847 1627 2851 —-
