1785 3111
148 181 213 222 21.
244 181 349 219 Area
377 180 499 217 vellus
530 180 657 227 habet,
692 181 847 218 madido
879 182 945 218 sed
978 182 1121 218 vellere
1152 182 1254 218 sicca
1285 185 1366 230 est3

302 237 452 276 Siccum
483 240 564 274 tota
594 237 753 275 madens
783 248 874 275 area
906 239 1027 276 vellus
1058 238 1186 276 habet.

149 341 216 378 22.
250 338 378 376 Vincis
409 338 553 376 honore
584 338 657 375 Dei
688 339 877 385 promisso
907 340 945 376 in
978 350 1132 377 munere
1163 343 1306 391 gentes,

304 394 493 433 Affectum
526 400 639 433 natae
670 396 791 433 vincis
823 397 964 433 honore
996 397 1082 434 Dei.

149 501 214 539 23,
247 498 306 535 Tu
337 498 452 535 decus
483 509 593 535 omne
624 499 712 547 tuis,
748 499 810 545 qui
843 499 982 535 sternis
1014 499 1132 536 caede
1163 500 1330 548 Goliam3

304 555 375 602 Qui
404 554 525 592 vincis
556 556 751 601 mundum,
783 560 824 592 tu
856 555 971 592 decus
1002 567 1111 593 omne
1142 557 1230 595 tuis.

146 660 213 697 24.
246 658 418 696 Maxima
449 658 548 696 dona
580 659 650 695 Dei
681 659 806 695 cuncti
840 658 1011 696 cecinere
1042 659 1266 709 prophetae,

303 715 481 762 Implevit
513 714 687 752 Christus
719 715 883 752 maxima
916 716 1015 753 dona
1046 716 1132 754 Dei.

146 820 212 857 25.
247 818 422 855 Pondera
454 817 549 854 dura
579 817 667 853 tulit
698 817 917 855 mandatum
950 818 1043 865 legis
1076 822 1113 855 et
1143 819 1252 866 iram,

303 874 436 914 Gratia
467 874 639 912 mandati
671 875 843 921 pondera
877 875 972 912 dura
1003 875 1102 915 tulit.

144 968 211 1005 26.
244 965 362 1013 Virgo
392 965 519 1003 Maria
549 965 646 1002 nitet
676 966 780 1002 nullo
812 970 1023 1003 temerante
1055 966 1214 1014 pudore,

300 1023 394 1061 Post
423 1026 575 1069 partum
606 1023 715 1069 pueri
747 1023 854 1069 virgo
884 1023 1011 1060 Maria
1041 1024 1150 1062 nitet.

146 1115 210 1152 27.
244 1113 366 1151 Filius
397 1114 459 1150 hic
490 1114 652 1151 hominis
682 1113 724 1151 fit
755 1115 920 1151 maxima
950 1116 1122 1162 quaestio
1152 1116 1296 1162 mundi,

301 1170 509 1208 Nobiscum
540 1171 644 1208 Deus
676 1175 733 1208 est
764 1170 863 1208 filius
895 1172 958 1208 hic
988 1172 1163 1211 hominis.

145 1263 212 1300 28.
245 1261 396 1299 Gaudia
426 1273 563 1310 magna
593 1262 665 1299 Dei
697 1263 860 1300 mundus
892 1264 1066 1310 percepit
1098 1268 1136 1300 et
1166 1264 1306 1312 ambit;

301 1319 474 1366 Respuit,
507 1319 592 1365 heu,
626 1320 788 1356 mundus
819 1321 958 1366 gaudia
988 1332 1125 1369 magna
1152 1321 1236 1359 Dei.

144 1411 212 1450 29.
247 1409 362 1457 Signa
390 1413 544 1447 movent
573 1411 746 1460 populos,
781 1415 940 1448 cernunt
972 1412 1160 1459 magnalia
1192 1412 1305 1462 caeci,

302 1467 416 1504 Nulla
447 1470 572 1504 tamen
606 1467 721 1504 duros
752 1468 861 1515 signa
891 1472 1042 1505 movent
1072 1470 1249 1518 populos.

147 1561 214 1598 30.
247 1560 397 1605 Aspera
426 1569 528 1596 mors
560 1559 712 1606 populis
744 1559 845 1605 ligno
879 1559 1044 1596 deducta
1076 1561 1254 1604 cucurrit,

298 1614 486 1653 Aufertur
516 1616 618 1662 ligno
649 1627 787 1663 aspera
816 1628 916 1653 mors
948 1617 1114 1664 populis.

145 1707 211 1748 31,
244 1707 332 1754 Ipse
361 1707 450 1743 tulit
482 1707 665 1743 Dominus
697 1718 766 1754 pro
796 1708 928 1754 poenis
961 1719 1117 1745 munera
1149 1708 1281 1758 servis,

301 1765 375 1802 Pro
407 1763 527 1800 servis
558 1774 699 1810 poenas
731 1764 813 1811 ipse
845 1765 935 1802 tulit
966 1765 1162 1803 Dominus.

145 1857 211 1895 32.
243 1855 331 1893 Vita
361 1855 473 1892 beata
504 1866 633 1892 necem
666 1856 814 1893 miseris
847 1860 1022 1894 avertere
1052 1857 1171 1902 venit,

302 1912 467 1950 Pertulit
496 1924 518 1950 a
549 1913 698 1950 miseris
731 1913 809 1950 vita
842 1913 953 1950 beata
984 1925 1127 1954 necem.

147 2001 211 2038 33.
244 1999 392 2037 Lumen
423 1999 559 2035 adesse
590 1999 663 2037 Dei
695 1999 885 2045 persensit
916 2003 1084 2036 tartarus
1114 2000 1259 2047 ingens,

300 2054 382 2092 Nec
414 2059 574 2092 cernunt
603 2055 774 2092 homines
805 2056 931 2092 lumen
963 2057 1098 2093 adesse
1129 2057 1214 2094 Dei.

147 2148 213 2186 34.
244 2146 352 2184 Mors
386 2144 468 2183 fera
498 2157 568 2193 per
597 2146 785 2183 hominem
820 2148 997 2184 miserum
1029 2147 1101 2184 sibi
1133 2147 1306 2184 subdidit
1336 2148 1480 2194 orbem,

304 2203 466 2240 Subdita
497 2204 710 2250 congemuit
740 2215 841 2241 mors
874 2202 956 2241 fera
988 2215 1056 2251 per
1087 2204 1289 2244 hominem.

145 2296 212 2334 35.
246 2294 425 2338 Suscitat‚
460 2305 558 2344 ecce,
591 2305 708 2341 genus
739 2296 852 2332 morti
884 2300 995 2343 pater
1025 2296 1090 2332 ille
1117 2294 1313 2343 profanus,

300 2351 363 2389 Ad
395 2351 511 2389 vitam
543 2351 718 2391 Christus
750 2353 922 2398 suscitat,
956 2363 1054 2397 ecce,
1088 2364 1219 2400 genuS.

144 2444 211 2482 36.
243 2441 318 2479 Hic
349 2442 511 2490 populus
543 2442 745 2480 Dominum
779 2443 874 2479 dura
905 2443 1052 2480 cervice
1083 2443 1247 2489 negavit,

301 2498 478 2545 Suscepit
508 2499 652 2546 primus
685 2499 746 2535 hic
777 2500 941 2547 populus
973 2500 1188 2538 Dominum.

145 2591 210 2630 37.
244 2591 436 2636 Sanguine
467 2590 568 2627 laeta
599 2590 701 2626 redit
733 2589 815 2626 fuso
847 2601 937 2637 gens
970 2591 1086 2637 impia
1120 2591 1279 2635 Christi,

303 2646 463 2684 Gustato
496 2647 639 2684 Christi
671 2647 852 2693 sanguine
884 2648 983 2684 laeta
1015 2648 1128 2685 redit.

144 2740 209 2778 38.
243 2738 411 2776 Crimina
441 2742 575 2779 cuncta
608 2738 684 2775 suis
716 2743 888 2775 terrenus
920 2738 1080 2775 contulit
1111 2743 1254 2788 auctor,

299 2794 486 2832 Dissolvit
517 2795 690 2832 Christus
723 2795 881 2833 crimina
912 2800 1048 2832 cuncta
1078 2795 1168 2835 suis.
