1785 3111
755 51 1059 90 ——598—

228 165 314 198 Dass
351 166 444 196 diese
471 163 644 205 Strophen
681 163 824 201 unecht,
859 162 1005 194 braueht
1037 162 1134 193 nieht
1162 162 1320 194 bemerkt
1347 173 1390 193 zu
1414 162 1562 194 werden.
1610 164 1651 195 In
1676 164 1703 196 C

136 213 182 243 ist
212 211 273 242 das
300 210 387 242 Lied
422 221 464 240 zu
496 211 608 241 einem
634 208 895 250 Stundengebet
924 208 1120 249 aufgeteilt;
1145 208 1342 249 Doxologie
1361 207 1552 249 jedesmal:
1582 210 1704 242 Gloria

141 258 217 295 tibi,
243 257 390 287 Domine
414 252 417 295 Ι
439 255 591 286 Pascens
616 265 680 286 nos
705 254 848 285 cottidie
873 256 934 284 ete.
984 253 1063 294 Vgl.
1088 253 1189 284 Anal.
1215 253 1237 284 l.
1264 263 1291 284 o.
1318 251 1392 285 114.

227 300 295 332 Str.
333 299 353 332 9
385 300 455 331 und
491 297 531 331 10
563 299 677 331 dieses
702 299 829 331 Liedes
862 300 923 330 hat
948 298 1039 330 Roth
1071 308 1133 330 aus
1169 300 1264 330 einer
1289 299 1529 330 Darmsffidter
1553 299 1616 331 Hs.
1643 301 1702 332 ab·

137 347 316 389 gedruckt,
345 343 591 386 (Romanisohe
608 344 856 386 Forsohungen
880 344 940 382 VI,
973 342 1041 383 44),
1067 343 1157 375 ohne
1182 344 1244 375 das
1260 344 1480 375 Bruehstiick
1498 342 1550 376 als
1568 345 1703 377 solches

134 404 175 423 zu
209 392 396 423 erkennen.
433 409 477 412 —
510 391 582 421 Auf
609 390 763 431 gleieher
794 390 1021 422 Unkenntnis
1055 389 1209 421 beruhen
1240 391 1277 420 in
1311 389 1528 421 Chevalier's
1561 390 1700 432 Repert-

134 437 428 479 Hymnologicum
461 436 516 467 die
549 437 609 467 Nr.
635 433 767 473 23597,
801 433 931 472 23749,
969 432 1099 473 27686,
1132 432 1260 472 337697
1293 445 1345 465 wo
1379 435 1435 466 die
1460 435 1700 468 Bruchstueke

133 483 246 515 dieses
264 482 508 524 Reimgebetes
527 481 579 513 als
600 479 804 522 „Hymnen“
825 481 883 513 des
897 480 1088 521 Papstes
1105 480 1156 511 Jo
1168 479 1334 511 hannes
1352 480 1465 512 XXII.
1481 482 1701 523 ausgegeben

129 528 278 560 werden.

531 666 612 702 396.
650 665 706 708 (7.)
745 667 803 701 De
829 665 1093 702 Saeramento
1121 666 1290 703 Altaris.

332 772 468 810 Hostia
499 772 597 812 viva.
631 772 728 821 vale,
760 771 850 808 fidei
881 769 977 821 fons,
1011 771 1132 818 gloria
1162 773 1308 822 matris,

389 829 538 866 Donum
570 828 695 875 finale,
734 839 824 865 vera
854 827 976 875 figura
1005 828 1139 874 patris,
1176 826 1181 830 “

332 886 473 923 Vivens
504 886 626 932 panis,
659 896 739 934 ave,
774 895 855 921 cum
888 885 1040 922 numine
1070 885 1197 922 iuncte
1229 897 1355 935 suave,

389 943 454 980 Me
485 941 690 989 prohibens
722 953 743 979 a
774 952 855 987 vae,
888 942 958 978 mis
988 952 1140 993 metum-7
1175 943 1245 988 eia⁷
1279 942 1376 984 fave.

278 1003 299 1038 5
332 1000 476 1037 Manna
510 999 707 1043 viatorum,
741 999 871 1035 veniae
902 999 975 1042 via,
1009 997 1131 1036 forma
1162 999 1331 1047 sophiae,

389 1056 535 1092 Ductor
566 1060 789 1102 amatorum,
823 1055 874 1091 sis
904 1055 996 1091 mihi
1027 1066 1158 1093 norma
1188 1056 1285 1096 viae.

331 1113 446 1150 Panis
479 1111 660 1160 dulcoris,
695 1112 789 1149 caeli
822 1111 940 1155 cibus,
974 1122 1058 1148 esca
1090 1114 1252 1160 saporis,

392 1170 469 1206 Vas
501 1169 714 1216 salvatoris,
747 1173 827 1205 esto
859 1178 1002 1205 memor
1031 1170 1221 1207 memoris

336 1225 587 1272 Praesidium,
620 1225 794 1271 Domine,
827 1225 947 1262 virtus
978 1224 1101 1271 plebis
1133 1227 1370 1273 peregrinae,

250 1285 301 1322 10
389 1283 507 1329 Quam
542 1282 644 1319 Deus
675 1282 713 1318 in
745 1281 818 1319 fine
849 1281 1025 1328 frangere
1055 1292 1149 1319 neve
1179 1283 1270 1320 sine.

333 1341 377 1378 In
407 1344 443 1376 te
475 1350 572 1386 pane
602 1339 753 1386 quidem
786 1346 873 1375 sunt
905 1343 994 1384 tres,
1027 1349 1100 1375 non
1134 1339 1199 1385 dii,
1234 1340 1336 1376 Deus
1368 1340 1468 1378 idem

389 1396 482 1434 Sunt
512 1401 589 1432 tres
620 1408 692 1433 non
725 1395 838 1439 idem,
871 1406 944 1432 non
976 1395 1050 1432 tria
1081 1407 1216 1433 numen
1248 1396 1363 1435 idem.

331 1453 483 1500 Duplex
515 1458 649 1490 natura
681 1453 784 1489 Deus
816 1463 867 1497 es,
901 1452 1061 1489 hominis
1093 1463 1181 1489 caro
1207 1453 1321 1499 plena

388 1511 619 1548 Permanens
650 1520 768 1558 purag
800 1510 882 1546 laus
914 1509 984 1545 tibi
1018 1509 1242 1556 verbigena!

247 1567 297 1606 15
333 1567 478 1613 Corpus
510 1566 610 1603 idem
647 1577 814 1615 numero,
847 1566 1035 1612 quondam
1069 1566 1115 1603 de
1147 1566 1292 1613 virgine
1324 1572 1466 1616 natum,

390 1624 433 1660 In
466 1634 576 1660 cruce
607 1623 777 1671 letatum,
810 1623 925 1660 credo
956 1622 1087 1659 videre
1118 1633 1234 1663 mero,

317 1680 445 1718 'Panis
478 1680 515 1716 in
547 1680 672 1725 altari,
706 1680 810 1718 caelo
842 1690 929 1716 caro
960 1691 1056 1726 pura
1088 1680 1242 1726 videris,

388 1737 480 1773 Visu
514 1737 665 1784 mutari,
699 1737 850 1773 numine
880 1747 953 1773 non
986 1737 1142 1782 poteris

328 1793 393 1830 Nil
425 1794 536 1830 etiam
569 1795 713 1840 pateris
744 1794 951 1841 indignum,
984 1793 1015 1830 si
1048 1793 1271 1842 eomedaris‚

247 1851 299 1888 20
389 1851 442 1889 Ut
474 1850 542 1895 vis,
575 1851 629 1885 sio
661 1851 822 1897 caperis,
856 1850 978 1887 hostia
1009 1855 1144 1897 sponte
1175 1851 1291 1889 daris.

332 1907 390 1944 Tu
421 1906 484 1952 qui
518 1907 684 1952 dignaris
716 1906 831 1943 tribui
862 1906 971 1942 nobis
1003 1912 1039 1943 et
1069 1907 1108 1943 in
1141 1917 1217 1956 esu,

388 1963 486 2000 Esca
520 1963 711 2009 salutaris,
745 1964 814 1999 mis
846 1962 1039 2010 miserere,
1072 1964 1170 2002 Iesu.

1475 1371 1483 1390 7

221 2097 315 2129 Orat.
352 2108 416 2129 ms.
449 2098 681 2140 Anglicanum
714 2107 802 2129 saec.
840 2095 889 2128 15.
939 2097 1022 2130 cod.
1057 2098 1226 2130 Oxonien.
1255 2097 1459 2129 Rawlinson
1492 2097 1518 2129 C
1551 2096 1626 2130 558.
1666 2117 1696 2121 -

130 2141 150 2175 6
168 2146 313 2174 amator.
332 2162 374 2166 -—
395 2143 546 2185 „Versus
565 2144 749 2185 compositi
768 2154 787 2174 a
806 2144 910 2174 fratre
929 2144 944 2174 I
957 2142 1129 2174 ohanne
1153 2143 1202 2174 de
1219 2143 1451 2181 Peccham,
1478 2145 1585 2175 totius
1603 2144 1696 2186 Ang-

128 2189 197 2220 liae
223 2185 380 2230 primate,
408 2189 449 2220 de
475 2193 693 2220 sacramento
720 2186 874 2220 altaris.“
901 2206 946 2209 —
971 2188 1147 2220 Absehrift
1172 2198 1241 2219 von
1266 2190 1350 2220 Rev.
1371 2190 1415 2220 H.
1433 2189 1479 2220 M.
1499 2190 1694 2221 Bannister.

453 2385 534 2420 397.
569 2385 627 2427 (8.)
661 2385 719 2419 De
745 2384 913 2420 Deliciis
938 2384 1117 2428 Virginis
1144 2384 1374 2421 Gloriosae.

131 2491 166 2529 1.
214 2489 338 2537 Salve,
371 2495 502 2526 sancta
534 2496 656 2527 mater
687 2491 771 2537 Dei,
950 2492 987 2528 2.
1035 2489 1160 2535 Salve,
1193 2490 1274 2527 Deo
1303 2494 1535 2538 consecrata,

214 2546 339 2583 Radix
371 2547 483 2593 vitae,
519 2546 634 2583 robur
662 2547 744 2593 spei
1033 2547 1256 2593 Priusquam
1287 2547 1375 2583 huic
1405 2546 1546 2583 mundo
1576 2549 1678 2593 nata,

269 2602 407 2640 Mortis
439 2603 478 2639 in
508 2603 706 2651 angustiis,
1089 2604 1196 2641 Intra
1226 2603 1359 2640 matris
1390 2608 1549 2648 uterum,

214 2659 287 2696 Per
323 2663 360 2695 te
388 2670 528 2706 quaeso
560 2660 759 2709 consolari,
1032 2659 1140 2696 Dono
1169 2658 1246 2696 fixa
1275 2659 1444 2710 speciali,

213 2715 274 2752 Da
305 2715 453 2752 sincere
483 2715 661 2752 meditari
1033 2716 1084 2754 Ut
1115 2726 1184 2752 nec
1210 2717 1320 2762 lapsu
1352 2715 1489 2753 veniali

270 2772 328 2808 De
360 2773 433 2809 tuis
466 2771 626 2809 deliciis.
1090 2773 1274 2809 Peecares
1305 2772 1342 2809 in
1374 2776 1580 2819 posterum.
