1785 3111
70 227 135 266 77.

69 651 140 689 78.

67 1077 132 1116 79.

65 1503 132 1544 80.

66 1986 134 2025 81.

69 2413 136 2452 82.

705 133 759 137 -
819 110 898 151 637

181 226 278 272 Ave,
311 226 432 273 virgo,
465 225 573 263 verbi
602 235 753 275 parens⁷

181 283 282 320 Ante
313 286 467 329 partum
498 286 536 319 et
565 286 651 329 post
685 292 817 320 carens

241 339 491 386 Corruptelae
520 339 663 387 notula,

184 396 297 434 Cuius
328 396 460 433 laudes
491 396 614 433 minus
645 395 733 443 fide,

182 453 361 500 Quamvis
397 463 510 490 manu
540 456 642 490 tacta
671 452 815 499 Midae,

241 511 474 548 Personaret
504 507 643 550 fistula.

186 653 282 698 Ave,
314 651 455 688 nostris
486 661 585 700 spes,
616 651 753 700 Maria,

185 708 470 757 Languidorum
501 708 615 754 salus,
648 708 735 755 quia

241 764 384 802 Salutis
417 763 617 811 confectio,

181 821 262 867 Qua
293 822 465 868 languori
492 821 726 870 subvenitur,

183 878 254 915 Tui
285 878 430 916 ventris
461 878 654 915 invenitur

237 937 283 974 In
314 935 561 975 antidotario.

179 1078 274 1122 Ave,
309 1076 428 1127 virgo,
463 1086 551 1113 casa
582 1076 658 1122 dia,

178 1134 282 1180 Quae
314 1133 476 1171 dolentis
509 1144 547 1170 es
578 1133 730 1180 Thalia,

236 1190 423 1237 Pauperis
454 1190 656 1238 refugium,

175 1248 271 1297 Ave,
301 1247 420 1294 virgo,
455 1246 537 1285 Clio
568 1246 735 1293 maestis,

178 1304 282 1350 Quae
314 1303 456 1341 canalis
489 1313 528 1340 es
560 1303 735 1341 caelestis

234 1360 348 1398 Roris
381 1364 418 1397 et
446 1360 683 1407 impluvium.

180 1502 334 1540 Laudes
365 1505 495 1539 tantae
525 1502 657 1539 matris
689 1502 800 1540 Maro

177 1559 264 1597 Non
295 1563 424 1597 araret
454 1559 551 1596 celte
579 1559 682 1597 claro

235 1616 368 1663 Neque
399 1616 506 1653 Titus
538 1616 692 1666 Livius3

176 1673 251 1710 Hic
281 1673 471 1710 Homerus
502 1678 560 1710 est
591 1672 779 1720 exlinguis

177 1729 229 1767 Et
259 1730 436 1767 Minerva
465 1728 557 1766 flatu
588 1730 750 1778 pinguis,

235 1787 310 1823 Hic
341 1791 398 1823 est
428 1787 574 1824 traulus
605 1787 765 1826 Tullius,

178 1987 277 2036 Ave,
310 1984 407 2023 veha
436 1986 556 2022 nostri
589 1985 707 2035 ducis,

179 2043 277 2091 Ave,
310 2041 432 2090 gleba,
465 2052 560 2090 quae
591 2042 770 2089 producis

240 2099 406 2137 Gramen
436 2099 517 2136 sine
548 2099 671 2149 palea,

182 2155 400 2193 Vulnerasti
432 2156 536 2193 crine
567 2155 667 2193 bello

182 2212 369 2260 Sponsum
400 2216 504 2250 tuum
537 2216 574 2250 et
604 2213 725 2250 ocello

236 2269 427 2316 Facieque
457 2270 594 2309 lactea.

181 2412 280 2461 Ave,
311 2411 430 2458 virgo,
462 2421 532 2458 per
553 2422 664 2458 quam
686 2421 816 2459 sospes

181 2468 247 2505 Fit
276 2467 473 2505 morbosus
504 2471 590 2504 tuus
622 2468 772 2515 hospes,

239 2524 316 2561 Per
346 2535 456 2571 quam
489 2524 595 2561 exsul
626 2528 786 2574 remeat3

181 2582 278 2626 Ave,
310 2591 380 2630 per
410 2592 522 2628 quam
553 2584 609 2618 est
641 2581 799 2620 subacta

181 2638 290 2676 Mors
312 2637 481 2686 immitis,
503 2648 599 2685 quae
621 2643 818 2686 compacta

242 2694 364 2733 Solvit
396 2699 433 2732 et
465 2695 652 2733 disuneat.

183 2843 209 2887 ¹)
243 2847 424 2878 veninina.
450 2864 495 2868 —

891 226 955 264 83.

894 653 959 690 84.

886 1079 953 1117 85.

888 1503 955 1542 86.

887 1987 952 2026 87.

889 2412 955 2450 88.

1002 226 1097 273 Ave,
1130 226 1218 263 luna
1248 236 1398 273 semper
1428 226 1541 272 plena

1002 283 1184 320 Flammis
1197 282 1350 332 Phoebi,
1361 293 1471 329 quarn
1479 286 1632 321 terrena

1059 340 1140 376 Pila
1172 351 1245 376 non
1277 339 1505 388 ecclipticat‚

1002 397 1119 442 Quam
1141 401 1355 433 sanctorum
1378 397 1513 433 chorus
1531 400 1630 433 totus

1001 454 1159 502 Pronus,
1193 453 1355 503 supplex
1387 457 1422 489 et
1454 453 1611 490 devotus

1061 510 1303 556 Cernuusque
1332 510 1544 557 praedicat.

1005 653 1100 702 Ave,
1133 652 1279 697 lampas
1312 651 1406 688 caeli
1437 651 1544 697 suda,

1005 709 1119 747 Cuius
1151 708 1267 745 sudus
1300 707 1423 755 fulgor
1454 709 1530 745 uda

1061 766 1260 811 Nunquam
1293 765 1392 801 nube
1423 765 1574 812 tegitur,

1004 822 1118 859 Cuius
1150 822 1274 857 vultus
1306 821 1501 858 vibramen
1535 822 1611 867 dat,

1002 879 1046 916 In
1078 889 1188 925 quam
1212 877 1362 915 Cherub
1389 882 1427 914 ut
1449 878 1635 927 intendat,

1060 935 1273 974 Connivere
1305 935 1467 983 cogitur.

1002 1078 1096 1127 Ave,
1132 1081 1234 1113 caste
1264 1080 1376 1113 nacta
1407 1076 1564 1123 prolem,

1001 1134 1255 1182 Supergressa
1288 1133 1366 1170 sola
1398 1134 1515 1170 solem

1056 1188 1302 1239 Fennnina1)
1335 1190 1475 1236 specie,

999 1247 1264 1294 Perspicacem
1297 1247 1417 1284 visum
1448 1247 1568 1285 vincis

998 1304 1235 1353 AquiIarum,
1270 1305 1382 1340 immo
1413 1304 1546 1353 lyncis,

1058 1361 1259 1399 Oculorum
1291 1360 1385 1399 acie.

1000 1503 1097 1541 Ave.
1131 1503 1291 1549 pulchro
1322 1502 1482 1549 pulchra
1514 1502 1632 1549 crine,

999 1561 1136 1608 Dente,
1168 1560 1298 1609 labris,
1331 1571 1352 1597 o
1385 1559 1535 1596 divinae

1055 1617 1271 1654 Maiestatis
1303 1616 1467 1654 mantica

999 1674 1165 1711 Pulchra
1224 1674 1406 1722 mammis,

1363 1729 1499 1778 fronte,

997 1787 1164 1826 Pulchra
1196 1785 1312 1833 foetu,
1345 1792 1471 1824 tamen
1500 1796 1574 1823 non
1596 1789 1633 1823 te

1059 1844 1182 1881 Venus
1213 1844 1288 1881 urit
1320 1843 1482 1880 lubrica.

1469 1671 1629 1718 pulchra

1000 1988 1094 2036 Ave,
1128 1987 1288 2033 pulchra
1318 1986 1418 2032 pelle
1450 1985 1576 2033 pulpa,

998 2044 1222 2081 Fecundata
1252 2043 1333 2079 sine
1365 2042 1489 2090 culpa,

1057 2100 1145 2138 Sine
1177 2100 1250 2138 viri
1280 2100 1432 2144 semine⁷

998 2157 1094 2202 Ave,
1128 2157 1232 2193 cuius
1263 2154 1534 2202 pulchrimenti

1000 2214 1117 2251 Totus
1150 2213 1331 2259 splendor
1361 2211 1590 2249 firmamenti

1057 2269 1231 2307 Vincitur
1261 2268 1484 2307 vibramine.

1001 2412 1096 2459 Ave,
1129 2412 1290 2459 pulchra
1320 2422 1423 2457 naso,
1455 2411 1576 2457 malis,

1002 2469 1167 2506 Pulchra
1194 2469 1318 2516 dorso⁷
1351 2468 1511 2515 pulchra
1533 2467 1635 2515 palis

1058 2525 1311 2573 Dentiumque
1342 2527 1453 2573 serie,

1003 2582 1169 2621 Pulchra
1199 2582 1396 2629 pulchram
1427 2581 1591 2619 filiorum

1001 2639 1180 2677 Formam
1211 2639 1330 2677 vincis
1363 2645 1399 2675 et
1430 2639 1575 2676 olorum

1060 2696 1216 2735 Olorina
1248 2694 1356 2735 facie.
