1785 3111
740 72 1018 112 —41-

300 186 337 224 5.
387 185 526 223 Omnes
557 185 657 239 quod
689 197 816 223 sumus
843 192 906 224 aut
938 187 1119 236 vigemus,
1152 187 1241 224 iude
1275 192 1352 232 est;

385 241 533 288 Regnat
564 242 723 289 spiritus
752 243 819 279 ille
849 244 1118 291 sempiternus,

383 301 416 336 A
451 297 602 335 Christo
633 299 743 336 simul
775 303 812 336 et
843 302 1001 348 parente
1032 301 1181 340 missus.

300 390 337 427 6.
384 389 507 426 Intrat
538 394 694 435 pectora
726 391 912 428 candidus
943 391 1095 439 pudica,

385 445 488 491 Quae
519 447 651 493 templi
682 447 765 484 vice
797 453 1017 485 consecrata
1049 448 1187 494 rident,

385 502 589 549 Postquam
622 503 835 541 conbiberit
865 504 987 541 Deum
1020 505 1208 542 medullis.

300 594 336 632 7.
383 593 459 631 Sed
490 593 523 630 si
553 593 643 640 quid
678 594 758 630 vitii
791 594 917 631 dolive
945 595 1050 631 nasci

384 650 491 687 Inter
522 651 669 687 viscera
696 651 770 688 iam
803 651 930 688 dicata
960 652 1090 697 sensit,

384 706 460 744 Ceu
491 718 669 754 spurcum
699 706 841 755 refugit
871 708 972 744 celer
1003 708 1198 746 sacellum.

298 798 336 835 8.
384 798 562 834 Taetrum
593 796 731 844 flagrat
761 799 860 834 enim
893 810 1033 846 vapore
1064 810 1191 836 crasso

382 853 531 890 Horror
562 856 733 891 conscius
764 859 961 892 aestuante
994 857 1105 903 culpa

383 909 648 957 Offensumque
679 911 816 948 bonum
848 913 956 960 niger
986 912 1151 960 repellit.

181 1000 310 1041 Hymn.
342 1011 404 1031 ms.
437 1000 471 1032 S.
505 1000 674 1032 Iohannis
706 1001 912 1032 Laudunen.
947 1011 1036 1033 saec.
1073 1000 1124 1033 10.
1174 1002 1246 1033 (jod
1291 1002 1436 1034 Beruen.
1467 1002 1543 1034 455.
1594 1004 1660 1034 Mit

93 1045 260 1077 Neumen.
284 1063 329 1066 —
353 1044 385 1084 4,
411 1043 426 1076 1
452 1046 596 1087 liquide.
622 1063 665 1066 —
691 1045 723 1084 5,
752 1044 766 1077 1
795 1047 904 1078 Omne
929 1047 1032 1089 quod.
1057 1065 1102 1068 Α
1126 1045 1156 1084 6,
1189 1045 1203 1077 l
1230 1047 1409 1079 condidus.

512 1190 572 1225 42.
609 1191 664 1231 (16
677 1194 720 1231 b.)
756 1191 931 1234 Hymnus
957 1192 1050 1235 post
1078 1191 1231 1228 Cibum.

384 1270 554 1312 (Cathem.
580 1272 639 1302 IV.
669 1270 772 1311 1—33
802 1269 953 1303 QSv—Iffl:
982 1270 1130 1312 ’ἲΟ-Ῑ5ς
1160 1271 1360 1312 loo—103).

322 1376 359 1414 l.
407 1375 530 1412 Pastis
561 1375 770 1412 visceribus
803 1376 961 1422 ciboque
991 1382 1153 1424 sumpto,

406 1433 523 1479 Quem
550 1432 611 1468 lex
643 1432 813 1479 corporis
844 1433 1035 1469 imbecilla
1068 1434 1202 1481 poscit.

409 1489 579 1526 Laudem
611 1489 738 1536 lingua
770 1488 850 1525 Deo
878 1490 981 1536 patri
1014 1491 1212 1536 rependat.

325 1594 362 1630 2.
411 1591 486 1628 Sed
516 1602 563 1628 ne
595 1592 751 1638 crapula
783 1591 941 1641 ferveat,
975 1592 1184 1628 cavendum
1218 1598 1285 1641 est,

408 1649 511 1695 Quae
540 1649 669 1685 sedem
700 1647 787 1685 fidei
820 1648 913 1685 cibis
945 1648 1125 1686 refertam

410 1706 541 1752 Usque
571 1706 620 1742 ad
653 1706 866 1752 congeriem
900 1712 1043 1742 coartet
1077 1707 1188 1743 intus.

326 1809 362 1846 3.
413 1808 544 1845 Parcis
576 1807 738 1843 victibus
770 1808 950 1853 expedita
982 1808 1098 1844 corda

409 1861 582 1902 Infusum
613 1864 746 1901 melius
778 1865 897 1900 Deum
928 1871 1148 1911 receptant3

408 1921 483 1957 Hic
512 1927 642 1968 pastus
674 1922 821 1958 animae
852 1927 909 1957 est
939 1932 1126 1968 saporque
1159 1933 1282 1960 verus.

326 2025 364 2062 4.
410 2023 486 2061 Sed
517 2035 584 2060 nos
615 2030 655 2061 tu
683 2025 829 2071 gemino
862 2023 992 2060 fovens
1024 2029 1161 2070 paratu

408 2082 528 2118 Artus
560 2087 672 2128 atque
703 2082 847 2118 animas
877 2086 1037 2127 utroque
1066 2087 1179 2127 partu

412 2137 635 2186 Confirmas,
667 2146 787 2187 pater,
821 2148 865 2174 ac
897 2138 1024 2182 vigore
1057 2138 1236 2184 comples.

326 2242 364 2278 5.
412 2240 475 2278 Sic
506 2240 593 2276 olim
626 2244 690 2276 tua
721 2240 945 2286 praecluens
976 2244 1145 2285 potestas

409 2297 516 2334 Inter
546 2297 763 2333 raucisonos
794 2298 906 2332 situni
937 2296 1064 2332 leones

412 2355 456 2392 In
487 2354 606 2400 lapsis
639 2354 801 2400 dapibus
833 2354 953 2390 virum
986 2351 1136 2390 refovit.

330 2458 369 2494 6.
415 2455 488 2493 His
520 2456 680 2503 sumptis
712 2456 893 2493 Danielus
921 2455 1101 2492 excitavit

411 2513 457 2549 In
489 2514 631 2550 caelum
664 2512 799 2550 faeiem
833 2513 990 2559 ciboque
1021 2512 1130 2548 fortis

414 2571 536 2607 Amen
568 2570 749 2618 reddidit,
782 2570 949 2607 Alleluia
981 2569 1089 2606 dixit.

333 2672 371 2709 7.
419 2672 483 2711 Sic
513 2683 580 2708 nos
611 2673 828 2710 muneribus
861 2672 936 2708 tuis
966 2670 1112 2719 refecti,

413 2729 592 2777 Largitor
623 2730 725 2767 Deus
757 2730 920 2766 oninium
953 2728 1146 2777 bonorum,

416 2780 552 2823 Grates
584 2787 779 2823 reddimus
812 2792 846 2822 et
877 2796 1069 2822 sacramus
1101 2785 1271 2832 hymnos.
