1785 3111
723 97 1036 138 —625—

97 209 169 241 und
195 209 447 252 Epigrammen
471 210 526 242 fiir
550 210 607 243 die
631 210 855 242 Marienfeste
880 210 939 243 des
964 210 1102 249 Jahres,
1131 211 1187 243 die
1212 212 1259 242 im
1276 210 1460 253 folgenden
1476 211 1665 252 mitgeteilt

95 255 184 287 sind.
247 256 377 288 Ferner
415 255 578 288 verfasste
615 255 867 298 Stephaneschi
905 257 982 288 eine
1018 256 1154 288 Anzahl
1195 266 1260 288 von
1296 257 1554 298 Responsorien
1590 257 1661 288 und

93 300 320 342 Antiphonen
356 301 419 333 auf
451 301 516 333 den
552 300 600 334 hl.
633 302 757 333 Petrus
794 301 834 333 de
867 302 1050 338 Murrone,
1089 303 1204 344 einige
1240 301 1406 333 darunter
1442 303 1478 333 in
1512 302 1660 334 Versen.

91 345 245 378 Endlich
271 346 407 379 enthfflt
432 347 490 379 ein
514 346 689 379 Graduale
716 347 776 378 des
802 347 1001 385 Kardinals,
1037 348 1121 380 Cod.
1150 345 1214 379 129
1240 347 1266 378 C
1292 347 1350 379 des
1374 347 1659 389 Kapitelarchivs

92 401 162 423 von
187 391 236 426 St,
261 392 366 423 Peter
389 393 427 423 in
451 391 559 431 Rom,
595 393 680 424 zwei
704 393 869 434 Hymnen
894 393 957 424 auf
977 392 1043 424 den
1067 393 1114 424 hl.
1140 393 1265 435 Georg,
1291 394 1349 424 ein
1373 393 1659 434 Responsorium,

91 438 177 469 zwei
214 437 440 479 Antiphone-n
469 438 542 469 und
574 439 660 469 zwei
684 439 815 470 Versus
841 438 1058 470 Alleluiatici
1089 439 1153 470 auf
1180 438 1378 470 denselben.
1428 439 1507 470 Von
1539 439 1659 470 diesen

90 482 256 514 scheinen
280 483 337 515 die
361 483 529 515 letzteren
553 485 616 515 mit
641 483 708 515 den
725 483 924 525 Anfiingen:
948 484 1139 526 „Detege
1164 483 1396 515 funestos“
1414 484 1486 515 und
1505 484 1661 525 „Miles

89 528 133 559 in
159 538 276 560 arma
301 525 448 560 ferox“
474 528 639 560 metrisch
664 540 708 560 zu
733 529 819 560 sein.
867 529 930 560 Bei
955 529 1021 561 den
1049 529 1422 568 Umstfindliclrkeiten,
1447 529 1577 561 welche
1603 529 1659 561 die

88 574 299 616 Benutzung
333 573 394 605 des
419 573 569 606 Archivs
604 586 646 606 zu
672 574 887 606 erschweren
915 575 985 606 und
1011 585 1054 605 zu
1078 575 1255 607 verleiden
1281 576 1457 607 bestimmt
1482 575 1657 612 scheinen,

88 617 220 651 konnte
256 619 313 650 ich
349 618 446 651 nicht
483 619 593 651 daran
630 620 786 659 denken,
823 620 946 661 irgend
980 620 1123 661 jemand
1159 624 1385 659 zuzumuten,
1423 631 1481 652 um
1518 620 1654 652 solcher

88 663 354 706 Kleinigkeiten
391 665 511 697 willen
542 665 623 706 jene
660 663 845 697 Barrieren
883 676 926 697 zu
962 666 1198 697 iiberwinden.
1265 667 1350 697 *Was
1387 665 1444 697 ich
1482 666 1567 698 iiber
1603 665 1659 697 die

88 709 319 742 Handschrift
343 711 451 751 weiss,
477 710 654 744 verdanke
679 711 737 743 ich
761 711 1011 753 Mitteilungen
1036 712 1096 742 Dr.
1123 713 1150 743 I.
1175 712 1294 743 Hosls.

540 979 621 1016 405.
658 980 716 1023 (l.)
750 980 808 1016 De
835 980 976 1016 sancto
1004 979 1198 1023 Georgio.

684 1049 738 1081 Ad
762 1050 871 1091 Vesp.
897 1052 930 1082 et
955 1050 1056 1082 Noct.

83 1142 121 1183 1.
169 1140 330 1179 Scandit
362 1141 519 1190 caelum,
551 1141 696 1178 micans
718 1141 835 1178 telum
908 1143 945 1180 3.
992 1140 1114 1178 Docet
1135 1141 1251 1179 rudes
1274 1141 1356 1190 hoc,
1389 1142 1489 1189 quod
1511 1147 1551 1179 tu
1573 1143 1651 1191 des,

224 1198 391 1236 Draconi
422 1197 540 1245 figens
572 1198 710 1247 acrius,
1049 1198 1200 1237 Christe
1231 1198 1345 1246 Deus,
1379 1199 1600 1248 potentiam,

167 1255 356 1302 Flagrans
387 1255 515 1303 miles,
557 1258 708 1292 nostras
740 1255 834 1293 viles
994 1255 1094 1301 Quos
1126 1255 1312 1292 convertit
1344 1260 1381 1292 et
1412 1256 1549 1294 avertit

226 1312 366 1349 Terras
397 1311 572 1358 linquens
606 1311 805 1359 Georgius,
1047 1311 1236 1359 Baptismi
1266 1312 1457 1358 praebens
1478 1313 1652 1360 gratiam.

85 1416 122 1452 2.
170 1413 245 1451 Hic
275 1418 469 1461 venustus,
501 1414 603 1451 haud
634 1418 800 1462 exustus,
904 1418 943 1454 4.
989 1415 1182 1453 Fraudem
1201 1417 1321 1453 cernit
1337 1417 1435 1454 hanc
1454 1420 1490 1453 et
1502 1417 1648 1468 sternit,

226 1470 380 1508 Florem
411 1470 568 1508 indutus
599 1471 764 1517 speciem
1047 1473 1172 1512 Unum
1211 1478 1460 1521 prospectans
1501 1473 1650 1511 daemo-

169 1528 278 1565 Intus
308 1527 416 1576 nitet,
449 1538 531 1564 cum
563 1528 680 1564 evitet
1331 1542 1433 1579 num,
1581 1569 1585 1572 ,

225 1583 460 1622 Obscaenam
491 1584 623 1622 mundi
654 1585 802 1625 faciem.
989 1587 1107 1633 Quem
1140 1586 1312 1624 delusum
1345 1597 1456 1624 cruce
1487 1586 1611 1625 fusum

1045 1643 1168 1680 Mittit
1197 1644 1354 1682 Averno
1387 1644 1592 1683 dissonum.

448 1746 487 1782 5.
533 1743 699 1790 Patrem,
730 1747 874 1793 natum,
907 1745 1029 1793 miles,
1063 1745 1193 1783 datum

590 1800 742 1837 Almum
775 1800 939 1848 deposce
969 1802 1126 1854 meritis,

534 1857 588 1895 Ut
619 1857 783 1894 victores
814 1858 1015 1895 allectores

592 1913 806 1951 Trudam'us
836 1915 970 1962 procul
1001 1915 1156 1954 abditis.

172 2013 277 2046 Grad.
309 2024 372 2045 ms.
404 2014 526 2046 Iacobi
558 2014 601 2047 de
625 2014 884 2057 Stephanescis.
917 2026 1007 2048 saec.
1035 2015 1086 2048 14.
1143 2017 1226 2049 Cod.
1253 2018 1367 2058 Capit.
1392 2018 1556 2049 Vaticani
1583 2015 1648 2049 129

81 2059 119 2091 C.
152 2058 193 2092 A.
225 2077 270 2082 ——
302 2060 403 2092 Brev.
433 2070 496 2092 ms.
521 2060 722 2093 Parisiense
756 2070 846 2093 saec.
876 2060 925 2093 14.
976 2062 1059 2094 Cod.
1084 2063 1234 2095 Parisin.
1271 2061 1367 2094 1024.
1392 2064 1433 2094 Β.
1466 2081 1511 2085 —
1543 2064 1646 2094 Brev.

78 2114 143 2136 ms.
173 2104 376 2137 Parisiense
408 2115 498 2137 saec.
534 2104 585 2137 14.
643 2105 726 2138 Cod.
760 2107 911 2138 Parisin.
948 2105 1045 2139 1263.
1078 2109 1115 2140 C.
1149 2127 1195 2131 —
1224 2109 1328 2140 Brev.
1359 2119 1422 2139 ms.
1447 2109 1648 2140 Parisiense

80 2160 170 2182 saec.
199 2147 251 2182 15.
300 2150 384 2182 Cod.
409 2150 560 2183 Parisin.
589 2149 686 2183 1291.
712 2153 755 2184 D.
788 2169 833 2172 —
856 2153 957 2185 Brev.
982 2163 1045 2185 ms.
1070 2152 1319 2193 Pa1·isiense(·.2)
1344 2164 1434 2185 saec.
1463 2152 1514 2185 15.
1564 2153 1646 2185 Cod.

77 2195 331 2273 Carlopolitag.
366 2194 441 2228 146.
474 2196 516 2228 E.
547 2216 593 2220 —
627 2198 729 2229 Brev.
762 2207 825 2228 ms.
858 2197 1058 2230 Parisiense
1091 2209 1181 2230 saec.
1215 2196 1300 2231 15116.
1359 2198 1441 2231 Cod.
1474 2199 1646 2230 Parisien.

78 2239 226 2280 (Arsen.)
250 2239 293 2273 66
319 2263 327 2271 .
354 2242 392 2273 F.

171 2284 200 2327 1,
228 2284 244 2317 1
272 2285 399 2318 Candit
423 2288 557 2319 caelum
584 2289 716 2319 micans
741 2288 789 2325 A3
824 2288 927 2320 Cadit
953 2289 1085 2320 micans
1111 2288 1247 2320 caelum
1272 2290 1314 2328 C;
1343 2288 1478 2320 caelum
1504 2290 1646 2321 mittens

77 2331 186 2363 telum
210 2331 287 2363 DE.
323 2348 364 2353 —-
400 2331 437 2370 l,
469 2330 490 2363 2
518 2332 627 2364 fidens
653 2332 689 2364 C.
715 2350 760 2354 —
785 2330 822 2371 2,
860 2332 876 2364 1
902 2335 972 2365 Hic
996 2335 1052 2365 vir
1076 2335 1189 2365 iustus
1216 2334 1306 2365 hanc
1331 2337 1473 2366 exustus
1500 2334 1540 2370 C:
1576 2335 1646 2366 Hic

76 2387 148 2408 non
171 2380 271 2408 ustus
297 2380 358 2408 aut
382 2381 524 2409 exustus
548 2378 618 2409 BF.
643 2394 687 2398 --
713 2376 745 2416 2,
769 2376 790 2409 3
816 2388 894 2410 cum
921 2379 1029 2411 enitet
1052 2379 1096 2410 D.
1116 2396 1154 2400 —
1178 2377 1208 2418 3,
1238 2378 1252 2410 1
1280 2381 1392 2411 Docet
1416 2379 1515 2412 vides
1540 2380 1581 2411 A.
1599 2395 1641 2404 -·

76 2420 107 2462 3,
135 2420 156 2453 2
172 2422 270 2454 Deus
294 2422 516 2454 clementiam
540 2423 584 2454 D.
603 2440 645 2444 —
663 2420 694 2461 3,
720 2420 741 2454 3
766 2426 827 2455 aut
851 2425 980 2456 avertit
996 2425 1038 2463 (ἲς
1065 2435 1106 2456 ac
1129 2426 1236 2456 vertit
1255 2426 1293 2456 A.
1311 2442 1356 2447 -—
1373 2422 1404 2463 3,
1434 2423 1456 2456 4
1475 2426 1646 2467 praebens

75 2466 162 2499 fehlt
188 2467 227 2499 C.
243 2485 289 2488 —
305 2466 338 2508 4,
365 2466 381 2499 1
403 2468 575 2500 Fraudem
599 2468 665 2499 fuit
691 2472 724 2500 et
748 2469 900 2501 refundit
925 2469 961 2501 O.
978 2487 1022 2491 —
1039 2468 1070 2508 4,
1097 2468 1118 2501 2
1134 2470 1256 2502 Virum
1282 2474 1508 2512 prospectans
1526 2471 1641 2511 CDE;

76 2513 212 2545 Rumen
236 2516 464 2554 prospectans
490 2513 527 2545 C.
544 2530 589 2534 —
605 2511 637 2551 4,
662 2512 684 2545 4
707 2514 818 2545 Mittit
843 2524 864 2546 a
887 2515 993 2547 verbo
1020 2515 1056 2546 C.
1075 2534 1119 2539 —-
1136 2514 1168 2553 5,
1194 2514 1214 2547 2
1239 2526 1313 2558 sqq.
1331 2517 1470 2548 Almum
1494 2516 1643 2556 deposce

76 2558 203 2590 mentis
227 2559 378 2590 victores
402 2559 598 2591 tuideamus
624 2559 746 2600 procul
771 2559 901 2592 abditis
920 2561 957 2593 C.
975 2578 1020 2582 —
1041 2561 1331 2603 „Subsequentia,
1348 2572 1461 2603 ynnos
1477 2562 1644 2594 videlicet

77 2603 182 2635 duos:
217 2600 389 2645 „Scand'e't
413 2602 568 2636 caelzmff‘
597 2609 630 2636 et
665 2605 710 2644 „O
732 2602 904 2644 athleta“‚
938 2606 1213 2648 Responsorium
1238 2618 1345 2639 unum
1372 2604 1581 2649 „Eoesuryat
1606 2606 1645 2639 in

77 2645 243 2687 laucles“‚
276 2649 497 2691 Antiphonas
530 2650 635 2681 duas:
673 2646 883 2692 „Geo›·qz'i(!)
914 2649 1012 2683 miles
1045 2650 1215 2693 eyreyz'ess,
1250 2656 1283 2684 et
1316 2650 1494 2693 „Invictus
1528 2651 1642 2685 ric-tor

77 2690 276 2736 Georyius“
294 2705 358 2726 nec
382 2705 451 2727 non
471 2695 625 2728 Alleluia
649 2695 735 2727 duo:
757 2693 907 2737 „Detege
922 2694 1107 2737 fmzestos“
1126 2702 1161 2729 et
1180 2695 1309 2739 „Miles
1328 2696 1365 2729 in
1383 2705 1486 2729 arma
1504 2695 1642 2738 fer0oe··',

80 2740 220 2781 singula
253 2750 414 2782 quaeque
445 2744 516 2773 tam
549 2742 586 2772 in
619 2740 721 2772 litera
745 2740 863 2782 (prosa
886 2742 1051 2774 videlicet
1075 2746 1110 2774 et
1134 2742 1256 2781 metro)
1281 2753 1385 2784 quam
1409 2744 1446 2774 in
1471 2746 1576 2775 cantu
1599 2743 1641 2774 de

81 2784 184 2817 beato
211 2784 361 2828 Georgio
394 2790 546 2828 martyre
578 2786 670 2817 idem
695 2787 843 2818 Iacobus
870 2789 982 2819 sancti
1006 2788 1150 2830 Georgii
1175 2789 1219 2820 ad
1242 2789 1368 2820 Velum
1394 2789 1545 2820 Aureum
1570 2788 1642 2820 dia-

81 2839 189 2862 conus
215 2830 404 2863 cardinalis
429 2828 660 2874 composuit“.
684 2831 725 2864 A.
750 2850 793 2854 —
817 2832 1037 2865 Wiederholt
1061 2844 1124 2865 aus
1149 2834 1250 2866 Anal.
1278 2834 1373 2872 XIX,
1403 2831 1477 2865 143.

147 2888 312 2923 Dreves,
339 2889 546 2917 Lateinische
565 2889 859 2923 Hymnendiehter.
897 2891 940 2918 11.
1395 2889 1439 2922 40
