1785 3111
796 38 1100 78 —276—

168 156 243 193 9a.
287 154 361 191 Sed
394 157 434 190 tu
465 153 630 199 quidem,
663 152 805 190 Christi
990 151 1064 192 9b.
1101 153 1311 190 Praecurre
1341 152 1416 189 iam
1448 152 1628 198 gaudens,

283 221 401 256 nepos
434 209 594 255 egregie,
1102 209 1234 246 nuntia
1265 209 1423 245 mortuis

289 271 433 312 martyr
465 266 719 313 memorande,
1100 266 1216 302 vitam
1247 267 1456 303 adventare

602 357 667 393 10.
715 355 868 402 Nosque
900 356 947 393 de
979 355 1144 392 tenebris

709 412 785 448 luci
817 413 1012 449 restitutos

712 468 805 505 offer
835 468 999 508 Christo.

268 558 371 589 Grad.
406 569 468 588 mS.
496 558 724 599 Sangallense
750 545 839 589 saec.
868 555 918 589 12.
970 558 1053 590 Cod.
1081 558 1280 599 Sangallen.
1305 555 1382 588 375.
1408 558 1448 589 A,
1474 574 1516 577 —
1542 556 1644 587 Grad.
1674 567 1737 587 ms.

180 604 410 644 Sangallense
445 614 532 635 saec.
562 601 612 634 13.
662 603 743 635 eod.
772 602 970 645 Sangallen.
996 601 1073 635 379.
1102 605 1138 634 B.
1164 621 1208 624 ——
1233 603 1337 644 Trop.
1367 613 1428 633 ms.
1454 603 1739 633 Emmeramense

174 660 264 681 saec.
299 648 383 680 ¹¹l12.
418 649 504 681 Clm.
537 649 717 680 Monacen.
759 645 883 680 14083.
916 650 953 680 C.
984 666 1028 670 —
1060 649 1159 680 Miss.
1184 659 1246 679 ins.
1273 648 1541 680 Sanblasianum
1568 657 1658 678 saec.
1686 645 1737 678 12.

177 695 261 727 Cod.
287 695 434 726 Paulan.
461 693 514 725 25.
540 692 571 725 3.
602 693 650 726 17.
667 694 773 731 (13133.
799 695 923 725 memb.
950 691 1013 734 60).
1042 695 1086 726 D.
1111 713 1150 716 —
1172 694 1268 725 Miss.
1290 694 1638 725 ms.Sanblasianu1n
1656 693 1738 724 anni

142 744 145 747 '
175 737 274 771 1482.
323 740 406 772 (30(1,
433 740 579 771 Paulan.
605 737 648 770 25
685 738 716 770 2.
745 737 785 770 15
808 737 916 777 (Bias.
942 740 1066 771 memb.
1091 737 1155 779 61).
1182 740 1223 770 E.

264 784 292 823 1,
318 783 339 816 2
365 786 604 817 collaudamus
628 785 698 817 ΟΕ.
724 802 768 806 —-
787 782 847 823 221,
867 783 887 816 2
905 788 1117 826 protectatur
1134 785 1173 816 A.
1198 802 1241 806 —-
1260 782 1322 821 2b,
1341 782 1361 815 3
1382 784 1552 825 parthenu
1569 784 1737 816 ABCDE.

169 848 212 852 —
239 828 299 869 5a,
329 829 343 861 1
365 832 410 862 At
435 831 529 863 solus
548 831 623 861 DE.
649 850 690 853 —
717 828 780 868 61),
809 828 825 861 1
845 830 944 861 Adon
970 830 1013 861 ad
1031 830 1106 861 DE.
1135 848 1172 851 —
1206 828 1268 868 Ta,
1290 828 1310 861 2
1336 834 1369 861 et
1393 831 1453 870 qui
1479 840 1541 871 par
1566 829 1671 861 CDE.
1695 846 1739 850 —

171 874 236 914 8h,
264 875 284 907 2
310 878 364 907 ius
390 887 489 907 omne
515 876 685 907 violatum
712 878 748 907 C.
780 894 816 898 ——
833 874 895 914 9b,
913 874 934 907 3
952 876 1137 907 advenisse
1156 876 1260 908 CDE.
1277 893 1321 898 —-
1338 876 1425 907 Mel:
1455 872 1679 917 „Captiva“
1699 874 1739 906 A.

651 1008 732 1043 208.
768 1009 826 1051 (5.)
860 1008 918 1043 De
944 1008 1085 1044 sancto
1112 1009 1257 1044 Paulo.

620 1104 655 1141 1.
704 1103 926 1140 Concurrite
957 1104 1039 1153 hue,
1073 1104 1204 1150 populi

706 1165 742 1197 et
773 1160 932 1207 insulae,

203 1242 274 1279 2a.
312 1239 506 1276 Mentibus
537 1242 578 1274 ut
609 1239 835 1284 promptulis
1022 1238 1095 1277 2b.
1133 1240 1207 1276 Hic
1236 1240 1346 1286 lupus
1377 1241 1467 1277 licet
1497 1239 1605 1276 ferox

316 1296 496 1342 magistro
532 1296 699 1341 gentium
1133 1296 1231 1332 ovile
1263 1297 1415 1333 Domini

314 1352 516 1400 assistatis,
538 1372 541 1375 <
1134 1353 1360 1398 turbaverit,

316 1409 491 1446 laudibus
1133 1410 1261 1446 mitior

317 1466 416 1502 hunc
447 1476 562 1511 super
592 1465 746 1501 aethera
1134 1467 1273 1512 agnelli
1305 1467 1448 1503 vellere

316 1523 520 1560 elevantes,
1134 1523 1318 1561 induitur.

205 1616 275 1653 Sa.
314 1614 364 1650 Et
393 1613 456 1659 qui
489 1618 589 1657 tune,
622 1612 691 1648 sub
722 1611 856 1649 umbra
1023 1614 1045 1650 :33
1060 1613 1095 1653 b.
1133 1614 1246 1659 Ecce,
1280 1608 1379 1650 nunc
1411 1615 1565 1651 caelesti

308 1670 466 1717 priscae
498 1669 594 1718 legis
1135 1670 1348 1707 illustratus

318 1726 502 1762 velamine
535 1725 703 1761 Mosaieo
1136 1738 1181 1763 ex
1212 1727 1355 1773 iubare.
1389 1728 1627 1774 pneumatieo

316 1783 472 1825 obsitus,
1134 1784 1244 1829 hagio

319 1839 491 1876 daemoni
1132 1841 1294 1877 nitidum

321 1907 360 1932 se
392 1894 568 1942 praebuit
599 1895 817 1941 hospitium,
1137 1908 1203 1933 vas
1235 1897 1388 1934 exhibet
1420 1902 1457 1934 et
1488 1898 1661 1935 electum.

623 1987 661 2023 4.
708 1985 788 2021 Nec
820 1997 936 2032 mora,

706 2042 770 2078 ubi
804 2042 993 2079 Christum

710 2099 966 2142 indignantem

711 2152 904 2206 [au‹livit]‚

710 2213 808 2258 quod
841 2213 912 2249 sibi
944 2214 1264 2260 praesumpsisset

711 2274 843 2305 contra
874 2270 1088 2316 calcitrare,

711 2336 751 2361 se
782 2326 954 2371 protinus

709 2383 901 2429 coaptavit

711 2439 759 2475 ad
792 2439 871 2475 eius
902 2449 1009 2486 opuS.

209 2530 280 2566 5a.
317 2529 470 2574 Iamque
502 2528 716 2576 baptizatus
1026 2529 1098 2567 5b.
1137 2529 1200 2576 Et,
1232 2529 1295 2575 qui
1326 2529 1438 2575 paulo
1469 2532 1555 2564 ante

321 2589 434 2630 atque
466 2585 648 2631 spiritalis
1138 2590 1263 2622 castra
1295 2585 1501 2622 christiana

321 2641 496 2677 unctione
528 2641 765 2678 charismatis
1138 2646 1361 2688 perses-utor
1388 2642 1592 2688 invaserat,

323 2696 488 2734 refectus
1139 2709 1208 2744 pro
1238 2698 1373 2735 iisdem

323 2754 426 2802 plebi
457 2754 639 2790 iustorum
671 2755 840 2800 iungitur
1141 2755 1324 2792 dimicans
1355 2754 1460 2801 signa
1493 2753 1649 2799 corripit
