1785 3111
723 67 1035 108 —361—

125 184 198 220 4a.
242 182 312 228 Tu,
345 182 410 229 qui
439 180 556 218 habes
587 191 743 218 aureum

238 239 445 276 turibulum

240 289 338 332 cum*
354 294 518 332 incensis
549 294 776 343 orationum,

123 382 145 419 5
164 391 197 418 a.
245 381 360 430 Ergo,
393 380 494 427 quod
526 380 674 427 Petrus,

240 437 442 484 Iohannes,
472 436 634 474 Iacobus

241 494 342 531 inter
373 494 578 542 apostolos,

121 582 191 617 ea.
234 578 395 617 Iacobus

233 640 271 672 et
300 635 474 682 Raphael
505 636 731 682 explantant-

230 692 335 740 vitia,

232 749 420 786 Iohannes
451 752 563 796 atque
595 748 753 786 Gabriel

232 806 427 843 illustrant
459 805 586 844 corda.

119 890 190 928 7a.
235 891 291 927 Tu
324 891 538 940 draconem,

232 951 274 984 tu
305 947 493 984 Neronem

230 1003 418 1053 humilias,

231 1066 272 1098 tu
302 1061 489 1108 angelum,

227 1121 269 1154 tu
300 1117 501 1165 hominem,

114 1204 185 1241 Sa.
226 1202 394 1240 Michael

228 1270 314 1296 nam
346 1263 475 1297 sonat:
508 1259 599 1305 Quis
629 1263 672 1296 ut
699 1258 834 1297 Deus?

225 1316 378 1353 humilis
409 1321 447 1354 at
479 1326 628 1353 crucem

226 1377 336 1420 gyrat
367 1374 516 1421 Petrus,

114 1460 184 1496 93„
227 1457 291 1495 Sic
320 1461 379 1495 ter
408 1458 508 1495 terni

228 1515 372 1552 docetis
403 1515 571 1564 ordines,

226 1577 285 1610 ter
315 1576 468 1609 sanctus
497 1582 661 1609 consone

233 1629 525 1678 conclamantes,

84 1715 183 1753 loa.
223 1715 287 1752 Ad
317 1715 428 1752 huius
459 1719 612 1752 sanetae

226 1772 410 1809 trinitatis
442 1773 584 1809 cultum
615 1783 723 1809 sanc-

280 1829 466 1866 tissimum

83 1907 131 1946 11
147 1918 181 1946 a.
223 1908 300 1945 Vos
330 1913 459 1945 ternos

224 1966 399 2002 continue

223 2022 376 2059 ordines
407 2026 534 2059 vestro

223 2078 413 2116 juvamine

85 2158 137 2196 12
152 2168 186 2197 a.
229 2159 284 2198 Ut
313 2159 376 2205 qui
406 2169 476 2205 per
506 2157 738 2205 superbiam,

227 2215 450 2261 vanitatem,
482 2215 715 2263 illecebram,

226 2271 311 2321 heu,
345 2283 471 2309 sumus
501 2272 667 2319 oppositi

223 2329 337 2376 patri,
370 2328 500 2376 verbo,
532 2328 739 2377 pneumati,

86 2407 136 2446 13
150 2419 182 2448 a.
223 2408 268 2445 In
300 2411 432 2445 sancta
462 2406 550 2457 fide,
584 2418 664 2455 spe,

225 2465 386 2502 caritate

226 2521 319 2572 sani,
352 2521 455 2569 laeti,
486 2521 639 2570 integri,

946 182 1022 223 4b.
1065 182 1187 219 Deum
1218 181 1348 228 placas
1379 180 1533 217 humilis

1059 239 1298 286 altissimum,

1061 295 1235 332 minister
1266 293 1643 334 consummationum.

947 381 1024 420 5b.
1065 381 1149 417 Hoc
1179 391 1257 430 VOS,
1290 380 1470 428 Michael,

1061 437 1230 484 Gabriel,
1264 437 1447 486 Raphael,

1058 494 1148 530 estis
1179 493 1279 530 inter
1309 494 1474 541 angelos.

940 579 1014 619 61).
1054 579 1123 624 Tu,
1158 578 1282 627 Petre,

1053 640 1179 683 tuque,
1213 635 1393 684 Michael,
1424 636 1503 673 bini

1052 692 1226 740 vertices,

1054 747 1296 795 perfectricis
1328 748 1480 786 virtutis

1054 805 1158 852 paris
1190 804 1438 851 perfectores,

941 890 1014 931 7b,
1056 890 1157 927 Hinc
1188 890 1426 936 daemonum,

1051 947 1139 984 hinc
1170 948 1379 985 Romanum

1050 1004 1328 1050 triumphantes

1050 1061 1088 1098 in
1120 1061 1282 1099 Domino

1050 1118 1320 1165 principatum.

935 1203 1008 1244 8b.
1053 1203 1243 1240 Docentes

1047 1271 1196 1297 omnem
1227 1261 1384 1307 gloriam
1419 1261 1534 1308 caelo,

1048 1322 1152 1354 terra
1183 1318 1254 1353 soli
1287 1318 1368 1354 Deo

1048 1374 1301 1412 condebitam.

939 1459 1012 1497 91).
1055 1459 1212 1496 Trinum
1244 1464 1356 1506 atque

1049 1526 1163 1552 unum
1195 1516 1330 1559 Deum,
1363 1517 1482 1554 solum

1050 1578 1233 1618 sanctum,
1266 1574 1407 1610 sanctis
1439 1575 1584 1612 cunctis

1049 1628 1356 1677 praeferendum.

905 1715 1009 1755 10b.
1052 1715 1359 1762 Coniugatorum,

1047 1772 1321 1809 continentium
1353 1781 1465 1821 atque

1102 1833 1291 1866 rectorum

905 1909 955 1948 11
971 1909 1008 1948 b.
1052 1908 1229 1956 Purgate‚

1046 1966 1248 2012 illustrate,

1045 2022 1269 2072 humilitate,

1041 2078 1227 2126 perficite,

905 2158 1008 2197 121).
1051 2159 1131 2196 Iam
1162 2169 1232 2205 per
1262 2158 1544 2203 abstinentiam,

1048 2226 1214 2264 oramen,
1247 2216 1501 2262 elemosynam

1045 2271 1182 2318 sobrie,
1215 2272 1324 2318 iuste,
1357 2272 1420 2319 pie

1044 2328 1213 2366 vivamus
1245 2329 1326 2366 Deo
1356 2329 1509 2376 placite,

905 2407 955 2445 13
970 2407 1007 2446 b.
1049 2407 1126 2444 Ter
1155 2412 1308 2445 sanctus
1341 2409 1548 2446 clamantes

1046 2465 1241 2502 dulcisone

1045 2522 1171 2569 corde,
1203 2532 1282 2568 ore,
1316 2532 1444 2569 opere,

490 2601 556 2639 14.
603 2600 803 2647 simusque
834 2599 1028 2637 vobiscum
1059 2601 1157 2646 grati

603 2667 770 2694 summae
800 2656 977 2696 trinitati.

172 2757 277 2790 Grad.
295 2768 356 2789 ms.
376 2757 633 2798 Secovienseff)
651 2768 741 2790 saec.
763 2756 814 2789 12.
856 2758 939 2791 Cod.
958 2759 1201 2791 Viudobonen.
1224 2757 1350 2791 13314.
1372 2777 1416 2780 —
1433 2753 1647 2792 'Ubersehuss

81 2802 197 2843 vonje
212 2802 509 2841 ei11erSilbe:3b‚
525 2801 559 2834 6:
576 2802 636 2842 512,
652 2801 687 2843 ὃς
703 2802 766 2842 61),
780 2802 819 2843 53
842 2801 924 2842 121),
939 2802 970 2835 4.
989 2821 1029 2825 ——
1050 2804 1269 2837 lViederholt
1288 2815 1350 2836 aus
1370 2805 1469 2836 Anal.
1488 2806 1549 2841 IX,
1569 2802 1647 2836 275.
