1785 3111
77 1333 129 1368 10.

74 1559 126 1594 11.

75 1787 125 1821 12.

80 2013 132 2048 18.

76 2240 125 2275 14.

77 2461 128 2496 15.

78 2681 129 2716 16.

165 199 278 230 Mater
302 199 406 238 bona,
431 199 501 241 pia,
527 199 628 237 dona,

210 244 311 284 Quod
335 255 431 276 mens
456 254 566 286 prona
591 245 774 287 supplicat,

165 289 380 332 Suspirando
406 293 440 321 et
463 290 594 321 orando

210 335 277 367 Ore
302 335 430 367 blando
455 335 642 377 praedicat.

164 426 311 467 Propter
337 429 473 467 partum
498 426 563 457 tibi
588 426 716 464 datum,

210 471 285 502 Tuo
310 471 420 502 altum
448 474 557 510 utero,

165 517 332 548 Miserere
357 520 391 548 et
415 516 552 549 medere

211 561 316 594 Modo
343 562 424 593 huic
449 563 585 594 misero.

122 675 129 684 .
167 653 236 684 Fili
261 652 383 691 dulcis,
409 654 469 694 qui
495 664 557 685 nos
582 653 696 693 fulcis,

212 699 289 729 Lux
314 702 347 730 et
371 698 459 730 lucis
488 699 657 737 conditor,

166 743 235 775 Fili
261 745 391 782 matris,
416 745 562 776 verbum
587 746 708 786 patris,

212 789 361 821 Pietatis
386 791 534 831 genitor,

168 880 319 922 Propter
343 880 453 918 illam,
480 889 569 922 quae
593 879 786 911 mamillam

212 925 317 957 Suam
342 925 408 956 tibi
432 926 603 967 praebuit,

167 972 223 1002 Da
248 972 382 1002 sincere
406 974 440 1002 te
465 970 595 1008 videre,

211 1016 321 1055 Quem
345 1015 432 1048 haec
456 1016 545 1048 ferre
570 1017 704 1047 meruit.

164 1108 194 1140 O
220 1107 378 1146 amanda,
403 1110 514 1139 mater
538 1108 679 1146 blanda,

210 1153 452 1195 Amplexanda
477 1153 628 1191 domina,

168 1198 278 1231 Stella
304 1199 403 1237 lucis,
434 1209 523 1240 quae
548 1199 713 1242 conducis

212 1244 361 1276 Sanctae
386 1245 497 1276 crucis
523 1246 674 1286 agmina.

167 1336 315 1377 Propter
340 1334 528 1374 Christum,
556 1335 773 1367 benedictum

209 1382 277 1412 Tui
302 1381 449 1412 fructum
474 1382 573 1419 uteri,

165 1425 422 1468 Sempiternum
447 1430 482 1458 et
506 1436 693 1467 supernum

209 1472 322 1504 Nobis
345 1482 490 1514 regnum
515 1473 623 1513 aperi.

162 1563 258 1594 Bone
282 1561 342 1601 fili,
370 1562 411 1594 de
436 1562 558 1594 hostili

207 1608 416 1640 Dissimili
428 1607 560 1639 tudinis

162 1653 319 1694 Regione
343 1664 406 1685 nos
432 1664 576 1695 expone,

207 1699 278 1730 Fili
303 1699 416 1731 bonae
441 1700 601 1740 virginis.

163 1789 246 1821 Tibi
271 1790 380 1832 gratis
408 1793 441 1821 et
466 1790 577 1821 beatis

209 1835 306 1867 Tuae
333 1836 453 1866 matris
479 1836 639 1876 precibus

164 1879 350 1912 Efficacem
375 1884 410 1912 et
432 1890 593 1912 veracem

210 1926 314 1957 Dona
337 1936 458 1968 pacem
484 1927 654 1958 omnibus.

170 2016 284 2048 Mater
308 2018 377 2058 pia,
403 2018 485 2055 vim,
511 2017 635 2055 Maria,

208 2062 343 2104 Frange
369 2062 610 2101 diabolicam,

165 2107 302 2139 Flectas
329 2118 466 2150 agnum,
493 2118 609 2150 regem
633 2118 807 2150 magnum,

210 2151 306 2185 Pelle
331 2163 471 2185 manum
495 2153 676 2186 hosticam.

162 2243 311 2285 Propter
334 2244 445 2283 illum,
472 2255 540 2286 quo
565 2245 734 2276 vexillum

208 2290 324 2321 Dante
349 2290 498 2331 primum
524 2290 671 2328 obtines,

164 2333 220 2366 Sis
245 2334 447 2372 conductus,
473 2335 564 2376 pelle
588 2335 714 2373 luctus,

208 2380 310 2411 Pacis
336 2379 467 2411 fructus
493 2381 654 2412 semines.

163 2464 232 2496 Fili
256 2466 323 2506 pie,
350 2465 454 2506 stirps
479 2466 625 2505 Mariae,

211 2511 284 2542 Nos
309 2511 346 2541 in
371 2510 428 2542 die
453 2511 596 2542 Domini

165 2554 338 2587 Contuere
364 2560 397 2587 et
421 2556 567 2598 dignare

210 2601 319 2642 Opem
343 2601 433 2633 ferre
457 2601 601 2632 homini.

165 2685 272 2717 Prece
296 2686 411 2726 huius,
437 2687 527 2718 inter
552 2687 652 2717 cuius

210 2731 330 2762 Infans
354 2731 445 2763 flesti
470 2731 623 2771 brachia,

167 2775 261 2807 Fove
286 2779 427 2817 stantes,
453 2777 504 2808 fer
528 2777 699 2815 labantes,

210 2821 460 2854 Discordantes
486 2823 593 2854 socia.

828 85 907 126 481

895 197 945 231 17.

898 424 948 457 18.

896 651 947 685 19.

895 877 948 911 20.

893 1106 948 1139 21.

893 1333 947 1367 22.

893 1560 946 1595 23.

893 1787 946 1821 24.

895 2015 948 2049 25.

891 2242 944 2276 26.

893 2463 946 2497 27.

891 2684 944 2718 28.

146 2878 311 2913 Dreves,
337 2878 541 2907 Lateinische
562 2880 845 2914 Hymnendichter
883 2881 926 2907 II.

982 199 1094 231 Mater
1119 199 1225 238 clara,
1251 200 1325 231 Deo
1351 209 1432 230 cara

1027 246 1146 276 Incom
1156 256 1176 286 p
1188 255 1208 276 a
1220 254 1266 276 ra
1277 245 1403 284 biliter,

983 290 1136 328 Cunctis,
1163 292 1222 331 qui
1248 294 1281 322 te
1307 290 1426 322 colunt
1454 291 1532 330 rite,

1026 337 1127 367 Bona
1152 337 1249 367 mitte
1275 337 1413 377 iugiter.

986 427 1108 464 Mater,
1134 429 1254 465 mater,
1282 427 1372 458 bona
1397 430 1516 465 mater,

1032 473 1140 503 Immo
1167 476 1277 503 mater
1302 474 1444 513 optima,

987 518 1170 550 Universis
1197 521 1230 548 te
1256 518 1421 559 professis

1031 564 1145 594 Mater
1170 564 1259 594 assis
1285 564 1452 604 proxima.

985 654 1053 684 Fili
1080 655 1200 684 matris
1226 655 1380 694 pietatis,

1030 699 1201 740 Splendor
1226 700 1333 740 patris
1359 700 1540 738 luminum,

984 744 1063 775 Dux
1088 745 1269 782 bonorum,
1297 745 1396 776 salva
1421 745 1563 776 chorum

1030 789 1199 821 Filiorum
1227 790 1415 821 hominum.

987 880 1094 911 Prece
1120 881 1241 911 matris
1268 880 1364 911 solve
1390 882 1500 922 gratis

1030 925 1225 956 Vetustatis
1250 925 1340 957 filios

985 971 1103 1012 Vagos
1129 971 1244 1010 funda,
1273 971 1389 1013 lapsos
1416 972 1543 1003 munda

1032 1017 1078 1047 Et
1103 1017 1278 1048 circumda
1304 1018 1451 1048 sobrios.

984 1109 1097 1139 Mater
1123 1109 1213 1140 bona
1239 1112 1273 1140 et
1297 1118 1456 1150 persona,

1030 1155 1173 1185 Cunctis
1199 1154 1291 1185 dona
1315 1155 1491 1197 gaudium,

984 1199 1169 1241 Adoptatis
1196 1204 1229 1231 et
1254 1202 1384 1231 renatis

1030 1245 1146 1276 Pande
1172 1247 1293 1277 matris
1318 1247 1498 1288 gremium.

984 1336 1098 1367 Mater
1123 1339 1253 1374 nostra,
1280 1340 1425 1368 matrem
1451 1338 1617 1375 monstra,

1031 1379 1104 1412 Nos
1128 1391 1149 1412 a
1173 1382 1286 1423 culpis
1313 1385 1424 1422 expia,

986 1426 1032 1458 Et
1058 1430 1199 1468 peccato
1226 1428 1429 1469 propulsato

1031 1473 1140 1504 Natos
1171 1477 1252 1504 nato
1280 1475 1386 1505 socia.

984 1565 1080 1595 Bone
1105 1563 1166 1601 fili,
1192 1565 1240 1595 sis
1268 1565 1355 1596 'ovili

1030 1610 1293 1647 Reconciliatio,

985 1655 1040 1685 Da
1064 1654 1199 1686 felicem
1224 1658 1433 1697 genetricem

1029 1701 1134 1742 Gregi
1159 1700 1281 1732 ducem
1308 1703 1459 1744 proprio.

983 1790 1051 1822 Illa
1075 1794 1186 1822 mater
1211 1796 1272 1831 est,
1299 1795 1336 1824 tu
1362 1794 1478 1832 frater,

1029 1836 1179 1877 Magnus
1206 1848 1310 1878 super
1335 1839 1436 1877 alios,

984 1882 1069 1913 Fide
1094 1882 1192 1914 firma
1217 1886 1254 1914 tu
1280 1883 1447 1916 confirma

1028 1928 1180 1967 Fratres,
1205 1929 1268 1960 illa
1292 1929 1395 1961 filios.

984 2019 1084 2049 Bona
1109 2022 1219 2050 mater
1244 2023 1278 2051 et
1303 2024 1341 2051 tu
1366 2020 1483 2060 frater,

1031 2065 1127 2095 Bone
1151 2068 1270 2096 noster
1294 2066 1454 2105 Domine,

985 2109 1039 2140 Tu
1064 2109 1188 2148 Maria,
1214 2113 1252 2141 tu
1276 2111 1419 2149 Messia,

1030 2155 1120 2186 Nate
1145 2156 1204 2196 pia
1228 2156 1375 2197 virgine,

982 2245 1094 2276 Ambo
1122 2246 1234 2283 mites,
1261 2247 1364 2278 ambo
1390 2247 1478 2280 dites

1027 2291 1068 2321 In
1093 2291 1343 2330 misericordia,

983 2336 1137 2368 Caritate
1162 2347 1225 2367 nos
1248 2337 1366 2378 ligate,

1028 2381 1137 2412 Nobis
1163 2381 1242 2413 date
1270 2383 1410 2425 gaudia.

985 2466 1085 2505 Quod
1111 2467 1250 2505 iubetis,
1277 2468 1310 2499 id
1337 2468 1473 2500 donetis

1029 2511 1133 2543 Malis
1160 2514 1284 2554 spretis
1311 2524 1425 2555 agere,

985 2557 1084 2596 Quod
1112 2559 1247 2596 amatis,
1274 2560 1436 2591 tribuatis

1036 2602 1134 2634 Vivis
1159 2604 1260 2635 factis
1289 2605 1412 2637 colere.

983 2688 1079 2719 Bone
1107 2688 1223 2726 frater,
1250 2689 1341 2721 bona
1368 2694 1490 2729 mater,

1026 2733 1136 2765 Ambo
1164 2744 1298 2776 semper
1323 2735 1464 2776 placidi,

981 2777 1149 2811 Amovete
1175 2783 1209 2810 et
1234 2784 1348 2811 arcete

1027 2824 1181 2856 Fraudes
1206 2824 1317 2856 hostis
1344 2824 1476 2866 perfidi.

1394 2878 1434 2912 31
