1785 3111
168 186 234 223 3a.

166 570 238 606 4a.

165 955 235 991 5a.

164 1570 185 1604 ὕ
199 1578 233 1605 a.

167 2336 239 2373 Sa.

795 69 1108 109 —314—

271 184 337 229 Te,
370 184 520 231 plenam
554 181 628 220 fide

280 240 424 287 virgam
454 240 575 276 almae
606 239 736 286 stirpis
766 240 882 290 Iesse,

279 297 509 334 nascituram

279 353 427 400 priores

281 409 598 447 desideraverant

280 470 409 513 patres
441 470 479 502 et
509 466 735 515 prophetae.

277 567 334 604 Tu
365 578 501 614 agnum
534 578 672 615 regem,

279 628 406 661 terrae
439 625 725 670 dominatorem,

278 681 477 718 Moabitici

280 738 327 774 de
356 742 467 784 petra
499 737 639 774 deserti

278 796 327 831 ad
358 799 523 831 montem
547 793 649 831 filiae
678 794 768 832 Sion

282 851 547 890 transduxisti.

272 953 372 990 Hinc
403 953 569 1000 gentium

275 1021 343 1047 nos
374 1010 557 1056 reliquiae

276 1071 363 1103 tuae
393 1066 462 1103 sub
495 1067 597 1102 cultu
629 1066 844 1110 memoriae,

275 1123 410 1160 mirum
440 1123 479 1160 in
512 1123 661 1159 modum

275 1191 383 1226 quem
416 1190 454 1216 es
487 1180 609 1226 enixa,

276 1236 558 1284 propitiationis
591 1247 740 1284 agnum,

278 1298 498 1341 regnantem
531 1293 635 1331 caelo

276 1350 543 1395 aeternaliter,

278 1407 503 1444 devocamus
535 1407 583 1443 ad
616 1418 719 1444 aram

280 1464 521 1501 mactandum
553 1464 836 1510 mysterialiter.

269 1566 348 1603 Fac
378 1564 519 1603 fontem
553 1567 713 1616 dulcem,

275 1634 384 1669 quem
412 1624 449 1659 in
483 1624 633 1660 deserto

275 1684 384 1726 petra
414 1681 745 1729 praemonstravit,

275 1736 476 1783 degustare

273 1803 355 1829 cum
387 1793 534 1830 sincera
565 1793 640 1830 fide

273 1860 455 1895 renesque
488 1850 694 1896 constringi

275 1906 372 1942 lotos
404 1907 441 1942 in
474 1907 580 1954 mari,

271 1973 430 2009 anguem
462 1974 618 2000 aeneum
650 1963 688 2000 in
721 1974 832 2000 cruce

273 2020 475 2066 speculari.

268 2121 372 2157 Audi
403 2132 483 2165 nos,

269 2188 355 2214 nam
386 2181 424 2213 te
454 2177 554 2214 tilius

270 2234 364 2270 nihil
396 2244 537 2280 negans
569 2235 741 2273 honorat.

272 2335 331 2372 Da
365 2334 505 2372 fontem
538 2336 626 2373 boni
658 2338 793 2384 visere,

276 2392 323 2428 da
355 2403 473 2438 purae
504 2394 640 2430 mentis
671 2394 798 2430 oculos

274 2449 311 2484 in
343 2456 379 2485 te
412 2449 590 2497 defigere,

983 182 1057 224 3b.
1094 183 1160 232 Te,
1193 183 1336 230 lignum
1366 183 1479 232 vitae,

1097 244 1227 277 sancto
1258 245 1412 277 rorante
1443 243 1646 286 pneumate

1096 297 1306 343 parituram

1100 353 1221 391 divini

1098 408 1202 446 floris
1233 409 1474 458 amygdalum

1099 466 1263 513 signavit
1294 465 1465 504 Gabriel.

985 567 1057 606 4b.
1094 567 1226 614 Tuque
1256 565 1443 604 furentem

1098 624 1309 661 Leviathan
1341 627 1555 671 serpentem

1097 686 1381 727 tortuosumque

1099 742 1135 774 et
1167 742 1310 774 vectem
1343 737 1527 774 collidens

1100 795 1281 832 damnoso
1314 795 1471 831 crimine
1501 793 1682 831 mundum

1101 851 1286 891 exemisti.

983 952 1057 992 5b.
1096 953 1199 989 Hinc
1229 964 1366 990 manna
1396 963 1526 990 verum

978 1566 1052 1605 ssb.

988 2121 1058 2160 7b.

987 2337 1055 2374 Sb.

1095 1010 1279 1047 Israelitis

1092 1067 1204 1115 veris,
1239 1067 1317 1104 veri
1348 1066 1530 1104 Abrahae
1559 1065 1660 1116 filiis,

1093 1123 1386 1167 admirantibus,

1093 1180 1283 1226 quondam
1315 1180 1439 1226 Moysi

1094 1237 1193 1283 quod
1208 1241 1322 1285 typus
1331 1235 1532 1283 figurabat,
1546 1237 1729 1274 iamnunc

1094 1293 1259 1330 abducto
1291 1293 1374 1330 velo

1097 1351 1210 1387 datur
1241 1350 1433 1399 perspici3

1094 1418 1173 1448 ora,
1207 1408 1325 1453 virgo,
1357 1417 1425 1443 nos
1458 1406 1524 1443 illo

1094 1474 1192 1511 pane
1224 1464 1321 1500 caeli
1353 1463 1487 1510 dignos
1520 1461 1636 1501 effici.

1090 1566 1168 1603 Fac
1200 1566 1278 1612 igni
1309 1570 1439 1603 sancto

1090 1623 1285 1669 patrisque
1317 1622 1445 1666 verbo,

1090 1680 1188 1726 quod
1223 1680 1338 1716 rubus
1369 1683 1410 1716 ut
1441 1678 1592 1717 flamma

1090 1741 1130 1773 tu
1161 1736 1336 1785 portasti,

1092 1793 1197 1840 virgo
1228 1797 1349 1830 mater
1380 1791 1494 1837 facta,

1092 1850 1241 1896 pecuali
1272 1849 1373 1897 pelle

1093 1907 1297 1943 discinctos
1330 1907 1428 1953 pede

1089 1964 1239 2000 mundis
1270 1963 1380 2000 labiis
1412 1962 1603 2009 cordeque

1089 2021 1361 2067 propinquare.

1093 2121 1204 2159 Salva
1236 2133 1315 2171 nos,

1091 2179 1189 2224 Iesu,
1221 2189 1290 2226 pro
1322 2178 1458 2225 quibus

1089 2241 1210 2272 mater
1240 2235 1346 2283 virgo
1377 2240 1414 2272 te
1446 2237 1542 2273 orat.

1090 2338 1169 2384 Quo
1198 2337 1333 2374 haustu
1363 2337 1575 2384 sapientiae

1091 2405 1264 2440 saporem
1298 2394 1396 2431 vitae
1430 2394 1555 2431 valeat

1090 2461 1194 2487 mens
1226 2451 1461 2497 intellegere,

637 2564 675 2605 9.
710 2563 990 2601 Christianismi
1021 2563 1136 2600 fidem

714 2619 892 2666 operibus
925 2620 1104 2657 redimire

714 2676 899 2723 beatoque
929 2676 1004 2713 fine

708 2743 752 2769 ex
785 2733 895 2769 huius
926 2733 1092 2770 incolatu
1122 2733 1273 2781 saeculi,

711 2794 855 2838 auctor,
888 2789 937 2826 ad
969 2794 1006 2826 te
1036 2789 1213 2829 transire.
