1785 3111
122 176 195 214 2a.

127 555 197 592 3a.

130 877 204 914 4a.

133 1258 204 1295 5a.

134 1864 207 1901 6a.

139 2406 208 2443 va.

139 2612 209 2647 Sa.

748 60 1054 100 —366—

234 175 398 212 Verbum
431 174 565 211 summi
596 174 730 222 patris,

237 232 338 277 quod
368 235 579 268 eructatum

235 287 388 335 homini,
422 288 557 334 angelo
589 287 696 324 dedit

236 354 318 380 esse
348 355 392 380 ac
423 354 573 390 semper
603 355 697 391 esse,

236 405 276 436 ut
310 401 418 437 daret
448 401 569 438 isdem

237 457 377 502 optime
409 467 503 496 esse.

239 553 322 590 Hoc
353 553 523 599 verbum,
557 564 644 590 caro
675 552 817 590 factum

238 610 276 646 in
309 614 430 646 matre
460 610 619 656 virgine,

239 667 423 713 processit
456 667 502 703 de
530 667 697 704 thalamo

240 734 399 770 sponsus
430 723 604 760 amabilis

241 781 279 815 in
312 779 444 816 habitu
477 780 613 817 carnis.

245 877 329 913 Vox
362 877 459 912 enim
491 881 626 914 tonans

241 933 428 969 Iohannes
461 934 695 981 evangelista

241 990 449 1026 conterruit
481 988 627 1039 fugans,

243 1044 458 1082 fulminavit
489 1046 616 1082 hostes

243 1103 426 1139 ecelesiae

243 1159 349 1196 verbi
382 1158 619 1198 fortitudine.

248 1255 345 1292 Nam
388 1267 458 1292 vox
496 1257 653 1293 tonitrui
683 1257 878 1303 apostolus

246 1312 284 1348 in
316 1318 398 1349 rota
429 1312 532 1349 orbis
587 1354 590 1356 v

245 1374 371 1405 terrae
403 1370 585 1418 cognituS,

245 1425 313 1462 sed
344 1437 415 1462 vox
448 1426 646 1462 clamantis

247 1487 302 1518 est
332 1482 370 1518 in
405 1483 554 1519 deserto
584 1487 721 1529 parata

247 1539 411 1576 Domino
443 1550 580 1585 parare

249 1591 457 1642 perfectam
491 1595 653 1643 plebem,

248 1663 385 1698 praeco
416 1652 567 1696 nobilis,

249 1704 388 1745 ardens
421 1715 455 1744 et
489 1710 616 1745 lucens
648 1709 803 1745 lucerna

250 1766 391 1802 aeterni
424 1766 589 1804 luminis.

249 1862 346 1898 Nam
378 1873 464 1898 earo
497 1861 651 1897 verbum

249 1923 285 1954 et
316 1918 471 1955 verbum
505 1929 593 1954 earo

252 1980 307 2011 est
338 1986 431 2011 unus
463 1975 688 2012 Emmanuel

248 2032 287 2068 in
318 2032 463 2068 naturis

249 2089 421 2134 equidem
456 2089 615 2133 duabus,
649 2089 716 2125 sed

249 2145 373 2181 unitus
404 2145 544 2187 taliter,

248 2206 287 2237 ut
319 2213 431 2237 unum
464 2203 511 2237 sit
543 2203 738 2250 electrum,

250 2258 288 2293 in
320 2269 391 2304 quo
423 2260 543 2295 nostri

252 2315 397 2360 argenti
430 2313 554 2361 fulgor
586 2316 715 2351 crevit.

249 2404 353 2442 Audi
383 2416 463 2453 nos,
496 2405 618 2451 homo,

251 2471 360 2507 quem
392 2461 446 2497 sie
478 2466 587 2507 pater

252 2522 386 2554 cuncta
419 2518 562 2554 donans
594 2518 766 2556 honorat..

256 2608 410 2655 Audite,
444 2609 584 2654 pariles

252 2664 451 2711 Iohannes,
484 2665 544 2710 qui
577 2665 684 2711 quasi

255 2721 327 2758 duo
359 2720 560 2757 Cherubim

254 2782 396 2813 vosmet
428 2777 629 2825 respicitis,

939 174 1014 214 2b.

945 553 1017 592 3b.

945 876 1020 915 4b.

950 1255 1025 1294 5b.

953 1862 1027 1901 eb.

956 2404 1028 2442 71).

955 2607 1029 2647 8b.

1057 177 1218 214 Carnem
1250 178 1417 211 nostram
1448 173 1622 222 sumpsit,

1052 242 1126 278 qua
1155 232 1398 276 instauraret,

1052 298 1148 335 quae
1177 289 1215 324 in
1248 288 1362 324 caelis
1394 290 1494 334 sunt,
1527 286 1664 331 omnia,

1051 355 1220 391 quaeque
1237 345 1274 380 in
1290 344 1403 380 terris
1416 348 1515 392 sunt,
1537 348 1686 391 cuneta,

1055 401 1284 447 coniungens
1314 401 1353 436 in
1385 410 1425 437 se

1055 457 1128 494 ist-a
1159 462 1196 493 et
1227 457 1307 496 illa.

1058 554 1142 590 Hoc
1172 553 1340 599 verbum,
1374 563 1502 590 vocem
1533 547 1690 602 sumens]

1056 611 1094 646 in
1127 615 1230 647 casto
1261 610 1447 656 theologo,

1061 667 1165 714 gigas
1197 677 1353 703 currens
1384 666 1530 713 prodiit

1061 725 1100 759 in
1132 722 1355 760 fortitudine

1060 780 1163 817 vocis
1195 780 1367 818 tonitrui.

1066 877 1172 913 Haeo
1202 887 1275 912 vox
1308 876 1395 912 <lum
1426 880 1620 925 personat,

1060 933 1219 980 abyssus
1250 933 1428 978 abyssum
1460 933 1623 981 invocat,

1061 990 1248 1027 Iohannes
1281 989 1513 1036 evangelista

1060 1046 1267 1084 Iohannem
1297 1045 1516 1094 baptistam,

1063 1104 1171 1139 testis
1203 1107 1350 1148 testem,

1062 1170 1179 1197 verax
1210 1169 1396 1207 veracem,
1426 1170 1500 1196 vox
1531 1169 1673 1196 vocem.

1069 1256 1238 1301 Uterque
1268 1255 1353 1301 pari
1384 1255 1600 1292 testimonio

1063 1312 1102 1348 in
1135 1312 1244 1348 huius
1274 1312 1404 1349 mundi

1065 1369 1255 1405 auditorio

1063 1426 1215 1472 plenum
1247 1425 1370 1472 gratia

1067 1486 1103 1518 et
1134 1482 1295 1519 veritate
1327 1480 1524 1518 confirmat

1065 1539 1298 1585 unigenitum
1330 1539 1463 1584 patris,

1067 1599 1286 1641 regnantem
1319 1596 1422 1631 caelo

1066 1652 1323 1697 aeternaliter,

1067 1708 1134 1745 sed
1166 1709 1285 1744 visum
1317 1709 1354 1744 in
1386 1707 1499 1744 terris
1528 1707 1703 1744 localiter

1067 1775 1112 1801 ac
1141 1765 1416 1811 temporaliter.

1071 1862 1200 1898 Crevit
1232 1872 1378 1905 revera,

1067 1919 1187 1955 erevit
1218 1919 1257 1954 in
1291 1923 1448 1962 tantum,

1066 1980 1105 2011 ut
1136 1975 1230 2011 nihil
1263 1976 1311 2011 sit
1344 1974 1600 2022 praeelarius3

1066 2043 1151 2067 nam
1185 2032 1247 2067 lux
1281 2032 1391 2067 lunae

1065 2089 1185 2124 lucem
1218 2088 1308 2124 solis
1340 2087 1475 2134 induit,

1067 2145 1154 2181 dum
1187 2155 1260 2180 non
1292 2145 1341 2180 ad
1373 2154 1588 2180 mensuram

1067 2200 1312 2237 clarificando
1344 2200 1449 2237 Deus

1064 2258 1251 2294 hominem

1064 2315 1129 2351 lux
1161 2314 1297 2350 nubem
1328 2314 1451 2350 lucem
1482 2311 1588 2351 fecit.

1071 2404 1175 2441 Audi
1207 2415 1285 2445 nos,
1319 2408 1440 2450 pater,

1066 2472 1175 2507 quem
1208 2465 1243 2496 et
1275 2460 1373 2496 Deus

1068 2516 1190 2554 faetus
1222 2517 1332 2553 homo
1365 2516 1536 2553 honorat.

1073 2609 1163 2645 Cum
1196 2607 1409 2643 testimonio

1067 2665 1151 2710 pari
1182 2664 1351 2700 asseritis

1068 2726 1185 2757 totum
1218 2730 1371 2756 aureum

1069 2777 1389 2823 propitiatorium.
