1785 3111
694 94 749 99 ——
809 72 889 112 3:35
949 96 1003 99 —

181 235 263 272 261.
300 237 359 279 (7.)
393 237 451 272 Ad
476 237 649 272 Laudem
676 238 843 273 sanctae
868 239 1015 274 Luciae
1040 240 1211 283 virg-inis
1238 241 1278 276 et
1303 241 1513 286 martyris.

287 343 358 390 Qui
389 342 512 380 caelos
543 343 731 389 quondam
764 345 930 381 statuisti
962 345 1105 382 lumina
1135 347 1248 383 terris

289 400 488 448 Spargere,
524 399 574 436 da.
603 400 782 437 tenebras
813 401 989 447 pellentis
1021 414 1176 440 munera
1209 403 1316 441 lucis.

289 456 411 494 Nocte
442 457 531 493 licet
561 467 712 502 pressos
744 457 862 494 nubes
894 469 961 494 nos
993 460 1139 505 pallida
1172 460 1320 509 condat,

283 513 432 550 Lucida
463 513 670 560 gaudemus
702 520 827 551 tamen
860 514 921 550 hic
951 517 1176 562 quandoque
1207 518 1320 555 tueri.

212 572 234 608 5
283 570 399 608 Clara
430 570 583 617 quidem
615 569 705 607 fidei
737 576 889 617 gestans
920 572 990 608 sub
1022 574 1169 619 agmine
1200 573 1307 620 virgo

284 627 448 665 Lumina
478 638 547 664 nos
580 626 709 664 docuit
738 628 926 664 constanti
958 629 1085 666 lucida
1118 629 1216 666 bello

284 683 442 729 Sistere,
477 684 566 721 dum
596 684 775 730 precibus
806 685 1010 721 Dominum
1042 686 1179 722 vicisse
1210 691 1402 723 tonantem

286 741 379 778 Visa
410 751 558 787 quoque
589 746 647 777 est
676 741 807 778 morbo
839 746 1039 788 praestans
1071 742 1245 790 suffragia
1281 745 1424 782 matris.

283 798 409 834 Multa
441 801 553 843 parat
584 797 756 842 daemon,
791 798 846 834 vis
878 799 1003 834 carnis
1034 799 1192 845 proelia,
1225 800 1401 848 mundus,

183 853 234 891 10
281 854 405 891 Docta
437 852 526 890 ferit
558 854 682 891 iaculo
713 854 927 891 latitantem
960 855 1121 892 nubibus
1153 856 1312 895 hostem.

282 911 385 948 Luce
418 911 561 947 micans
593 910 683 947 fidei
716 911 840 947 carnis
873 912 1067 949 molimina
1099 913 1227 962 vincit,

279 968 378 1005 Dum
414 978 454 1003 se
486 967 690 1004 terricolae
721 966 869 1004 facibus
899 978 971 1005 non
1003 969 1125 1016 iungit.
1155 971 1331 1008 amantis.

276 1026 384 1072 Quae
417 1024 569 1071 potiora
601 1025 752 1071 quidem
786 1025 961 1062 caelestis
994 1025 1148 1063 foedere
1179 1027 1321 1075 sponsi,

276 1083 395 1128 Quem
430 1080 533 1118 fovet
564 1081 603 1117 in
635 1081 790 1119 minima
822 1081 1038 1119 diffundens
1070 1095 1225 1120 munere
1256 1084 1456 1124 membra?

177 1138 227 1176 15
276 1138 436 1175 Fortior
467 1138 629 1184 insurgit
661 1139 824 1176 mundus
856 1150 925 1185 pro
957 1145 1078 1177 marte
1109 1141 1309 1190 secundm,

277 1195 374 1233 Inde
405 1195 561 1231 sinister
592 1195 701 1232 adest
733 1200 769 1232 et
801 1196 918 1233 verbo
950 1203 987 1232 et
1019 1197 1178 1234 verbere
1207 1203 1376 1244 turgens.

278 1252 393 1289 Nulla
425 1256 551 1298 potest
579 1252 744 1289 animum
777 1251 905 1300 fragili
937 1253 1006 1290 sub
1039 1265 1151 1291 carne
1184 1255 1331 1291 virilem

279 1309 475 1355 Frangere
506 1309 562 1346 vis
594 1309 775 1358 clausum,
810 1310 856 1346 de
888 1310 992 1347 cuius
1024 1311 1160 1348 robore
1190 1312 1307 1348 traxit

279 1365 435 1402 Robora
466 1365 637 1402 mortalis
669 1367 809 1412 moles,
842 1378 929 1403 nam
961 1368 1095 1404 sistere
1129 1369 1208 1405 visa
1240 1374 1297 1405 est

176 1423 228 1460 20
276 1422 516 1460 Multimodis
549 1422 740 1459 hominum
773 1423 969 1460 conatibus
1000 1430 1086 1462 acta
1117 1425 1314 1472 boumque,

277 1480 336 1517 Ad
370 1480 454 1516 loca
484 1479 674 1526 perdendi
705 1484 746 1517 ut
774 1480 992 1518 traheretur
1023 1481 1136 1519 foeda
1166 1482 1341 1528 pudoris.

271 1537 455 1573 Incensas
486 1541 643 1582 superat
673 1535 844 1574 flammas
876 1548 945 1574 nec
977 1539 1135 1576 vulnera
1167 1540 1298 1576 mortis

268 1593 442 1639 Expavit
475 1604 659 1640 sacroque
692 1594 921 1631 charismate
953 1594 1033 1632 fota
1064 1596 1220 1643 reliquit

269 1650 451 1688 Membra
481 1650 633 1697 quidem
665 1656 804 1698 terrae,
837 1652 904 1688 sed
937 1653 1095 1698 spiritus
1126 1653 1282 1690 aethera
1314 1654 1476 1692 scandit.

170 1708 220 1745 25
267 1707 348 1744 Hic
379 1712 445 1744 tua
476 1707 636 1744 lucifero
669 1708 888 1755 resplendet
921 1709 1084 1746 culmine
1115 1710 1239 1759 sedes,

276 1764 353 1801 Hic
385 1775 494 1801 sacer
523 1765 722 1811 amplexus
753 1764 823 1801 tibi
854 1767 1018 1813 porrigit
1048 1767 1178 1803 oscula
1209 1778 1382 1816 sponsuS,

271 1821 358 1858 Huc
388 1832 535 1868 quoque
566 1832 633 1858 nos
664 1828 729 1858 tua
759 1827 847 1859 vota
878 1823 1044 1868 trahant,
1076 1834 1098 1860 o
1129 1823 1256 1861 lucida
1288 1824 1408 1871 virgo.

130 1945 363 1987 Martinengo,
390 1945 411 1976 1.
439 1955 467 1976 c.
494 1956 526 1987 p.
555 1942 619 1976 194
644 1956 694 1986 sq.
720 1963 765 1967 —

280 2125 362 2161 262.
399 2125 460 2167 (8.)
496 2125 646 2169 Incipit
672 2125 756 2161 Oda
782 2125 1008 2161 excitativa
1034 2127 1177 2162 militis
1204 2127 1373 2164 Christi.

427 2231 525 2277 Quid
558 2231 668 2272 stas?
700 2232 776 2268 otio
809 2232 913 2279 quid,
947 2233 1064 2280 pugil,
1098 2233 1261 2270 haeres?

425 2288 524 2325 Belli
555 2292 705 2325 moveat
736 2287 908 2325 fervidus
940 2289 1088 2329 horror.

424 2345 568 2392 Quodsi
599 2345 771 2382 retrahat
802 2343 939 2382 frivola
973 2346 1104 2394 virtus,

425 2402 498 2448 En,
530 2402 711 2438 auxilium
745 2402 904 2439 dextera
938 2402 1079 2440 Christi

358 2462 380 2497 5
429 2459 616 2504 Praestat,
650 2457 806 2506 fragiles
841 2464 998 2505 portans
1029 2471 1192 2499 umeros.

423 2515 586 2553 Intende
618 2515 739 2561 ducis,
773 2527 883 2562 quam
917 2527 1022 2563 cape,
1057 2517 1228 2565 formam,

422 2572 532 2610 Forti
565 2572 720 2609 dabitur
750 2571 854 2609 fulva
887 2583 1040 2612 corona.

425 2629 635 2666 Prudentia
665 2633 703 2665 te
734 2633 907 2675 protegat
941 2636 1041 2675 ante,

423 2686 474 2723 Et
503 2685 648 2722 iustitia
678 2691 832 2732 postera
863 2697 1015 2733 purges,

328 2744 377 2782 10
424 2744 494 2789 Ae,
527 2753 574 2779 ne
602 2747 747 2779 tumeas
778 2747 903 2779 temne
934 2745 1114 2794 secunda,

425 2800 591 2836 Laevam
623 2799 744 2836 retine
776 2799 912 2836 robore
944 2800 1065 2839 fortis.
