1785 3111
794 131 848 136 -—
906 108 988 148 450

208 228 245 265 5,
281 224 370 261 Sese
397 222 562 271 fraudat,
596 222 660 269 qui
685 233 759 259 nou
782 222 912 259 laudat

336 279 577 318 Genetricem
610 278 774 325 Domini,

276 337 346 382 Qui
378 347 451 372 non
483 338 565 373 orat
596 335 706 382 hanc,
749 335 930 384 ignorat,-

333 392 432 439 Quid
464 391 511 428 sit
545 392 673 429 datum
706 392 860 431 homini,

210 496 247 533 6.
277 495 422 532 Precor
452 503 554 541 ergo,
586 503 694 530 sacra
726 493 846 540 virgo,

336 551 387 589 Ut
421 561 543 587 meum
572 549 793 596 obsequium

280 607 337 645 Sit
369 611 567 654 acceptum
599 616 669 643 nec
699 606 867 653 ineptum

336 664 391 701 Sit
424 663 618 700 laudantis
649 662 830 702 studium.

210 767 245 804 7.
277 766 508 804 Benedictus
540 766 588 802 sit
621 765 752 802 beatus

335 823 406 860 Tui
438 821 583 859 fructus
614 822 726 871 uteri,

278 879 393 918 Cuius
426 879 524 916 dono
551 890 625 927 pax
656 879 820 916 humano

334 936 586 973 Restauratur
616 935 758 982 generi.

205 1039 242 1078 8.
274 1038 393 1084 Quam
404 1037 679 1074 iucundumlux
689 1037 727 1073 111
737 1036 915 1073 1111111(111111

339 1093 452 1130 Venit
483 1092 720 1139 indeficiens,

283 1150 408 1187 Carne
439 1153 589 1196 sumpta
622 1160 666 1187 ex
699 1149 857 1195 innupta

339 1207 466 1244 Matre
497 1206 605 1243 nobis
637 1206 776 1244 oriens,

211 1310 246 1347 9.
280 1309 355 1346 Res
388 1308 549 1355 novella,
582 1308 683 1355 quod
714 1308 840 1355 puella

337 1365 478 1413 Regem
510 1363 678 1402 nostrum
711 1365 850 1411 genuit,

280 1421 421 1468 Regem
431 1433 604 1469 magnum
618 1432 686 1459 nec
696 1422 750 1458 sic
761 1421 935 1458 damnum

343 1478 503 1515 Pudoris
535 1479 726 1516 sustinuit.

178 1580 241 1618 10.
274 1580 393 1625 Quam
426 1584 576 1617 sacrata
607 1585 643 1617 et
675 1580 786 1617 beata

316 1684 319 1688 Ι
339 1636 555 1674 Genetricis
583 1636 713 1685 ubera,

290 1693 349 1730 Ex
383 1705 456 1740 qua
487 1698 599 1730 natus
629 1701 664 1730 et
697 1694 858 1730 lactatus

340 1749 423 1795 Est,
455 1750 517 1796 qui
549 1751 644 1797 regit
677 1750 816 1787 sidera.

188 1851 250 1888 11.
282 1850 312 1889 Ο
346 1851 547 1900 mamillae,
582 1851 715 1898 quibus
746 1852 809 1888 ille

341 1907 526 1944 Parvulas
557 1908 721 1944 nutritus
758 1913 825 1957 est,

285 1964 394 2000 Iussu
427 1964 530 2000 cuius
561 1964 691 2001 mundi
722 1965 831 2002 huius

342 2020 506 2058 Ornatus
537 2019 730 2067 perfectus
763 2028 831 2060 est.

188 2122 252 2160 12.
287 2122 520 2168 Protoplasti
552 2123 663 2169 culpa
695 2124 820 2160 cuncti

343 2178 512 2215 Gloriam
544 2179 748 2223 amisimus,

285 2236 360 2272 Per
402 2240 613 2272 consortem
646 2236 723 2272 eius
756 2241 915 2273 mortem

341 2290 539 2329 Geminam
571 2292 813 2331 incurrimus

185 2387 247 2425 13.
281 2386 354 2423 Per
386 2387 568 2434 Mariam,
610 2388 697 2425 dum
725 2389 917 2437 Messiam,

339 2442 432 2479 Eius
463 2448 603 2490 natum,
637 2446 838 2491 sequimur,

280 2499 521 2536 Immortales
554 2505 589 2536 et
621 2502 797 2547 aequales
830 2492 833 2495 f

342 2556 500 2602 Angelis
533 2555 730 2596 efficimur.

186 2651 251 2690 14.
284 2650 355 2687 Dei
387 2656 519 2696 mater,
554 2650 614 2688 fac
645 2657 840 2699 gratanter

339 2707 419 2744 Tua
450 2718 517 2744 nos
549 2709 744 2746 sollemnia

283 2763 489 2802 Celebrare
521 2769 558 2800 et
589 2765 711 2801 vitare

341 2820 474 2857 Carnis
508 2821 709 2858 desideria.

999 223 1063 260 15.

1003 494 1066 532 16.

1003 1037 1066 1074 18.

1002 2125 1066 2162 22.

1006 2393 1027 2428 10

1035 2392 1055 2427 0³

1001 2656 1067 2693 24.

1098 222 1212 269 Virgo
1243 221 1356 271 mitis,
1389 222 1582 269 impeditis

1154 278 1386 315 Libertatem
1420 279 1582 325 postula,

1098 335 1202 371 Pelle
1233 333 1331 372 falsa
1362 339 1398 371 et
1428 335 1559 372 relaxa

1154 391 1389 429 Delictorum
1420 392 1581 432 vincula.

1102 493 1220 530 Maris
1253 493 1375 540 stella,
1408 493 1500 530 seda
1532 493 1644 543 bella,

1157 549 1256 586 Seda
1287 550 1406 587 malos
1437 550 1618 596 homines,

1099 605 1157 642 Ne
1170 616 1236 642 nos
1246 610 1417 653 mergant
1430 611 1492 643 aut
1508 606 1727 653 dispergant

1154 662 1291 699 Mundi
1322 662 1430 699 huius
1461 662 1644 703 turbines,

1057 797 1065 805 .
1099 765 1140 802 In
1174 765 1244 801 hoc
1274 766 1369 801 mari
1403 765 1589 802 dominari

1156 822 1241 859 Non
1272 822 1471 868 permittas
1502 822 1671 869 spiritus,

1096 878 1238 925 Quibus
1270 882 1413 915 mentes
1444 878 1705 925 imprudentes

1154 935 1395 972 Subruuntur
1425 933 1609 975 funditus.

1098 1037 1157 1073 Ex
1190 1037 1260 1073 hoc
1292 1035 1390 1074 freto
1421 1041 1484 1074 tuo
1516 1041 1604 1085 peto

1155 1093 1250 1130 Erui
1281 1093 1473 1139 praesidio

1100 1149 1149 1186 Et
1181 1154 1373 1197 postremo
1404 1150 1441 1186 in
1473 1160 1649 1197 supremo

1157 1206 1344 1243 Collocari
1375 1206 1526 1253 gaudio.

1033 1336 1067 1346 ..
1101 1309 1180 1344 Iter
1209 1312 1329 1345 tutum
1360 1319 1429 1355 per
1459 1309 1641 1347 virtutum

1159 1364 1312 1402 Gradus
1341 1365 1434 1403 mihi
1464 1376 1666 1412 praepara,

1103 1421 1283 1458 Gressum
1316 1422 1413 1469 leva,
1446 1432 1492 1458 ne
1522 1422 1559 1459 in
1592 1432 1705 1459 saeva

1159 1478 1280 1515 Miser
1310 1490 1414 1515 ruam
1446 1483 1604 1517 tartara.

1064 1610 1072 1618 .
1105 1580 1284 1626 Magnum
1317 1591 1409 1617 onus
1441 1584 1546 1627 gesto
1579 1590 1719 1627 pronus

1161 1637 1365 1683 Culparum
1395 1637 1581 1684 congerie,

1103 1693 1204 1731 Onus
1232 1704 1358 1740 grave,
1392 1694 1492 1740 quod
1515 1698 1571 1730 est
1593 1703 1735 1740 pravae

1163 1751 1288 1787 Poena
1320 1750 1586 1788 conscientiae.

1006 1864 1011 1869 ·
1064 1883 1068 1888 .
1103 1852 1306 1890 Audiendo
1338 1855 1374 1888 et
1406 1850 1583 1899 videndo,

1162 1908 1296 1945 Verbis
1327 1912 1363 1945 et
1391 1907 1569 1955 operibus

1102 1967 1166 2003 Me
1200 1965 1371 2002 destruxi
1402 1970 1437 2001 et
1468 1965 1602 2002 seduxi

1160 2022 1284 2058 Variis
1316 2021 1520 2060 erroribus.

1101 2124 1218 2170 Virgo
1249 2124 1425 2170 clemens,
1458 2127 1558 2160 tuam
1583 2132 1734 2169 gemens

1160 2180 1300 2216 Precor
1331 2179 1608 2224 excellentiam⁷

1099 2236 1149 2274 Ut
1185 2239 1402 2272 cunctorum
1435 2235 1661 2272 delictorum

1159 2293 1255 2330 Mihi
1288 2302 1421 2338 poscas
1449 2292 1611 2331 veniam.

1061 2422 1068 2430 ,
1103 2390 1230 2426 Mater
1261 2388 1369 2438 bona,
1403 2392 1528 2425 mente
1559 2398 1678 2435 prona

1162 2446 1357 2491 Deprecor
1387 2455 1431 2482 ac
1462 2444 1648 2494 supplico,

1102 2502 1160 2539 Da
1192 2502 1385 2547 virtutem,
1429 2505 1470 2537 ut
1501 2511 1574 2537 non
1607 2506 1734 2539 nutem

1159 2559 1308 2604 Inipetu
1341 2557 1573 2595 daemonico,

1100 2654 1153 2691 Te
1186 2653 1348 2702 requiro,
1381 2656 1423 2690 ut
1453 2663 1474 2689 a
1506 2649 1602 2689 diro'

1157 2711 1275 2748 Hoste
1306 2719 1365 2746 me
1396 2708 1588 2746 custodias

1099 2767 1149 2804 Et
1181 2777 1357 2803 coronam
1389 2765 1658 2812 sempiternam

1157 2822 1254 2860 Mihi
1287 2822 1370 2859 dari
1403 2821 1532 2861 facias.
