1785 3111
714 85 1023 126 —495—

903 203 969 241 22.
1016 200 1123 248 Vale,
1157 204 1261 236 casta
1297 199 1433 245 contio,

1015 257 1103 294 Mea
1135 255 1322 303 iubilatio,

1015 314 1130 351 Vivas
1162 313 1242 349 sine
1272 312 1441 358 crimine,

1017 371 1209 409 Christum
1242 380 1394 416 semper
1425 369 1552 416 dilige.

85 203 150 241 19.
197 201 319 239 Stella
348 201 463 240 maris
495 199 655 248 fulgida,

197 258 313 306 Virgo
343 262 465 296 mater
493 257 617 306 unica,

197 315 251 352 Te
282 316 485 362 coniungat
515 313 594 351 filio

197 371 370 410 Foedere
399 375 596 419 perpetuo.

1019 495 1074 532 Sit
1107 495 1170 531 hic
1200 494 1301 533 liber
1330 493 1447 539 utilis,

1018 552 1104 590 Tibi
1137 550 1373 589 delectabilis

1017 609 1067 646 Et
1097 619 1171 645 non
1205 617 1328 644 cesses
1361 608 1514 644 volvere

1016 665 1128 702 Hunc
1159 664 1197 701 in
1228 669 1293 701 tuo
1324 668 1490 710 pectore.

84 497 153 535 20.
200 496 253 533 Et
281 507 341 533 me
371 500 494 534 tecum
526 496 678 533 trahere
903 498 968 535 23.

197 553 282 590 Non
316 564 438 590 cesses
469 553 687 600 precamine

196 610 259 647 Ad
290 621 467 658 sponsum
501 610 772 656 dulcissimum,

195 667 432 714 Virginalem
466 666 596 706 filium.

1019 789 1077 826 Ne
1107 799 1212 826 more
1242 787 1454 825 struthineo

1019 846 1208 892 Subrepat
1239 845 1379 882 oblivio

1017 903 1069 940 Et
1099 913 1146 939 ne
1176 903 1276 939 viam
1309 902 1476 951 deseras,

1018 961 1233 1006 Antequam
1262 957 1477 1006 pervenias.

84 791 150 830 21.
198 792 252 831 Ut
280 796 368 829 tuae
398 791 593 840 victoriae,
905 792 969 829 24.

197 848 301 885 Tuae
331 858 489 896 magnae
520 847 663 894 gloriae

199 905 396 952 Particeps
425 904 611 952 inveniar,

197 961 254 998 De
284 961 447 998 terrenis
478 971 603 1000 eruar.

173 1082 373 1127 Engelhard
398 1096 430 1127 p.
458 1082 532 1116 121.
558 1085 599 1116 A.
624 1101 668 1106 —
692 1083 860 1116 Albrecht
883 1094 915 1124 p.
943 1080 1018 1115 283.
1045 1084 1083 1114 B.
1109 1101 1152 1104 —
1181 1082 1218 1122 1,
1249 1081 1269 1114 2
1297 1082 1648 1123 Hohenburgensium

84 1131 123 1162 B.
153 1147 197 1151 —
221 1130 261 1168 4,
287 1128 307 1162 2
333 1131 478 1172 Sperne,
503 1140 644 1171 quaeso,
671 1129 849 1161 saeculum
876 1131 912 1160 B.
939 1147 981 1151 —
1007 1127 1037 1167 5,
1063 1127 1085 1159 4
1111 1130 1178 1168 Qui
1203 1129 1259 1159 vel
1284 1132 1317 1160 te
1343 1127 1519 1159 desiderat
1544 1128 1582 1158 13.
1607 1143 1652 1148 —

91 1174 129 1214 8,
163 1173 185 1208 3
209 1177 312 1208 Nunc
336 1180 513 1218 exspectes
542 1177 579 1207 B.
607 1193 647 1197 —
678 1174 736 1212 11,
770 1173 790 1205 2
816 1175 965 1206 reclama
992 1175 1030 1205 A.
1056 1192 1100 1195 —
1130 1173 1185 1213 11,
1217 1172 1239 1205 4
1264 1175 1393 1205 caritas
1418 1174 1457 1204 B.
1483 1189 1527 1193 —-
1556 1170 1606 1209 12,
1632 1170 1653 1203 3

84 1231 269 1253 consumas
296 1223 333 1253 B.
360 1239 403 1243 —
433 1219 490 1259 12,
523 1220 546 1252 4
570 1221 647 1252 Tua
671 1220 798 1263 gradus
823 1221 864 1251 A.
889 1237 931 1242 -—
959 1217 1020 1258 13,
1047 1217 1068 1251 3
1092 1220 1203 1251 Verus
1230 1221 1324 1251 Deus
1353 1220 1391 1250 Β.
1415 1235 1459 1239 ——
1488 1216 1537 1255 15,
1563 1216 1583 1249 3
1609 1218 1650 1250 de

81 1277 170 1298 nave
195 1266 342 1308 prodeas
368 1268 406 1298 B.
432 1284 476 1287 —
505 1265 555 1306 16,
583 1264 604 1297 2
629 1270 749 1298 tenens
775 1268 871 1297 aeria
895 1267 933 1297 B.
964 1283 1009 1286 —
1036 1263 1088 1303 16,
1113 1263 1133 1297 3
1158 1265 1217 1297 fiet
1241 1267 1279 1296 B.
1296 1282 1341 1286 —
1360 1262 1411 1302 17,
1442 1262 1457 1294 1
1484 1263 1565 1295 Tibi
1592 1274 1651 1295 rex

81 1313 121 1344 B.
146 1329 190 1334 —
218 1311 279 1351 17,
310 1310 331 1344 3
357 1316 391 1344 te
417 1313 581 1344 reclamet
606 1312 652 1352 A,
687 1314 720 1343 te
746 1311 927 1342 redamnat
951 1311 989 1342 B.
1015 1328 1060 1331 —
1087 1309 1146 1349 17,
1179 1309 1201 1342 4
1226 1311 1357 1342 relevet
1383 1310 1428 1344 A:
1464 1309 1492 1340 A
1518 1311 1649 1340 maiore

82 1358 195 1389 reluat
220 1359 259 1390 B.
280 1376 325 1379 —
345 1356 396 1397 19,
421 1356 443 1390 3
467 1358 516 1389 Te
539 1358 755 1398 coniungens
782 1358 820 1388 Β.
839 1376 880 1379 -
900 1354 953 1395 20,
983 1354 1004 1387 2
1028 1357 1081 1388 Ne
1107 1367 1220 1388 cesses
1246 1357 1284 1387 B.
1303 1373 1347 1376 ——
1364 1352 1419 1394 21,
1444 1352 1464 1385 3
1490 1356 1647 1386 inveniat

81 1403 122 1435 A.
149 1421 190 1425 —
217 1401 279 1442 21,
311 1402 333 1435 4
358 1407 456 1436 eruat
480 1404 520 1435 A.
545 1421 590 1424 —
614 1401 676 1442 23,
709 1400 729 1434 3
754 1404 834 1434 Non
858 1412 971 1434 cesses
998 1402 1178 1434 revolvere
1202 1403 1241 1433 B.
1267 1418 1310 1423 —
1336 1399 1396 1438 24,
1422 1398 1443 1431 2
1470 1400 1644 1442 Surripiat

84 1450 125 1480 B.
152 1468 194 1472 -
221 1447 275 1488 24,
301 1447 323 1481 4
348 1450 535 1491 provenias
560 1450 599 1480 A.

429 1606 511 1642 339.
549 1606 606 1647 (2.)
642 1605 865 1650 Rhythmus
891 1606 938 1640 (le
963 1604 1094 1649 primo
1121 1603 1296 1638 homine.

934 1713 972 1749 4.
1018 1711 1130 1747 Hunc
1162 1714 1197 1746 et
1230 1708 1502 1755 spoliaverant,

1018 1767 1247 1804 Semivivum
1279 1765 1482 1812 liquerant.

114 1711 149 1751 1.
195 1711 347 1749 Primus
377 1722 516 1759 parens
547 1711 752 1758 hominum,

194 1769 339 1807 Lumen
358 1776 531 1806 'cernens
564 1769 757 1817 caelicum,

194 1826 255 1863 Ita
286 1823 358 1862 fuit
391 1825 577 1873 conditus,

198 1882 336 1920 Coetus
367 1886 408 1919 ut
440 1882 633 1929 angelicus

198 1938 362 1977 Consors
394 1943 494 1976 esset
523 1939 625 1976 illius

193 1996 252 2033 Ac
282 1993 382 2033 foret
411 1999 631 2043 perpetuus

199 2119 364 2168 Serpens
395 2120 495 2158 hunc
524 2120 741 2168 deceperat,

193 2178 347 2216 Pomum
380 2177 480 2225 quod
510 2182 740 2225 gustaverat,

194 2235 340 2272 Fuerat
368 2234 470 2281 quod
500 2234 672 2280 vetitum,

193 2291 245 2329 Et
275 2291 332 2328 sic
361 2290 453 2327 vicit
483 2291 674 2335 miserum,

196 2347 332 2386 Statim
362 2347 492 2394 pulsus
523 2347 661 2396 patria,

197 2404 374 2441 Pulchra·
390 2404 502 2451 liquit
531 2404 643 2443 atria.

193 2528 353 2566 Flebilis
383 2528 634 2564 miserrimum

193 2585 285 2623 Ruit
313 2585 353 2622 in
383 2585 569 2629 exsilium,

197 2641 322 2690 Plagis
353 2645 412 2679 est
440 2641 639 2688 impositus

193 2697 299 2735 Diris
331 2699 378 2736 de
407 2697 633 2746 latronibus,

192 2755 291 2801 Quos
320 2752 454 2793 infelix
486 2755 632 2802 incidit,

194 2811 324 2848 Patria
355 2811 441 2848 dum
474 2811 628 2849 excidit.

1016 1824 1085 1862 Cui
1117 1822 1292 1860 subvenit
1322 1822 1445 1868 gratia

1015 1881 1086 1917 Ille
1118 1880 1165 1917 de
1196 1879 1378 1924 Samaria,

1016 1936 1173 1975 Stabulo
1203 1936 1418 1979 induxerat,

1016 1995 1155 2033 Curam
1186 1993 1264 2030 eius
1292 1996 1433 2040 egerat,

930 2123 966 2159 5.
1014 2119 1106 2156 Eius
1137 2129 1274 2154 sanans
1305 2117 1464 2154 vulnera

924 2527 961 2564 6.

1013 2175 1133 2213 Solita
1164 2173 1379 2211 clementia.

1013 2232 1076 2269 Sic
1105 2241 1174 2268 nos
1202 2231 1287 2278 pius
1321 2229 1503 2267 Dominus

1012 2288 1125 2326 Ernit
1157 2287 1203 2325 de
1235 2285 1405 2324 faucibus

1014 2344 1170 2383 Colubri
1198 2343 1429 2391 nequissimi,

1013 2401 1144 2438 Hostis
1174 2400 1414 2446 invidissimi,

1009 2526 1079 2571 Qui
1111 2525 1262 2562 humani
1293 2524 1441 2571 generis

1013 2582 1165 2620 Gaudet
1197 2582 1244 2619 de
1275 2581 1437 2618 miseriis

1014 2639 1194 2677 Cruciatu
1225 2639 1406 2685 pascitur,

1010 2697 1160 2733 Poenae
1190 2699 1300 2742 pater
1333 2694 1485 2740 dicitur,

1013 2752 1106 2789 Visu
1143 2756 1200 2789 est
1231 2751 1438 2797 horribilis,

1010 2810 1054 2847 In
1086 2809 1187 2845 omni
1220 2807 1418 2844 terribilis.
