1785 3111
764 71 1074 112 —538—

139 188 177 226 5.
225 187 290 232 Te,
323 197 344 222 0
375 185 487 222 turba
517 196 712 233 generosa,
954 186 991 223 8.
1024 185 1085 222 Ad
1114 184 1211 222 hanc
1243 194 1384 231 vocem,
1419 195 1439 221 o
1471 184 1648 230 athletae,

225 243 352 280 Praeit
382 242 449 278 illa
479 240 618 278 florens
650 252 784 290 rosa,
1022 241 1160 278 Laetas
1192 251 1300 278 aures
1331 240 1534 288 adhibete,

225 299 313 336 Sola
344 309 458 335 rosa
488 298 724 345 principalis,
1023 298 1122 343 Quid
1155 298 1342 345 decantet,
1375 297 1574 344 peraudite

221 354 302 391 Nec
333 358 389 391 est
416 354 469 391 ibi
501 365 613 391 rosa
643 355 742 403 talis,
896 360 899 363 ’
1022 354 1073 391 Et
1103 358 1189 401 post
1218 365 1354 401 agnum
1386 353 1513 390 mitem
1544 353 1607 399 ite,

222 415 325 457 Quae
357 411 405 447 sit
436 410 507 447 sibi
540 411 764 457 coaequalis,
1024 410 1141 448 Novis
1172 411 1278 448 stolis
1312 410 1512 447 decoratae

220 468 346 505 Mater
376 471 456 504 tota
488 468 653 515 curialis,
1023 468 1114 504 Post
1146 467 1324 504 dilectum
1354 467 1544 504 ambulate

280 524 383 570 Quae
414 524 499 560 tulit
530 524 624 561 caeli
656 523 859 563 dominum.
1081 523 1285 561 Cantantes
1323 534 1405 560 cum
1435 523 1625 571 tripudio:

224 581 313 627 Ipsa
344 584 400 617 est
432 580 571 617 dilecta
602 591 683 617 mea
1024 580 1107 624 Eia,
1141 581 1251 617 modo
1281 580 1493 625 iubilemus,

224 635 302 674 Vos
334 637 566 683 praecedens
596 637 635 673 in
667 637 816 681 chorea,
1024 637 1192 674 Laudem
1226 637 1305 673 Deo
1338 637 1592 682 decantemus,

224 694 335 731 Cuius
366 704 501 730 nomen
532 698 569 730 et
599 704 761 740 persona
1025 694 1096 738 Qui
1126 704 1147 730 a
1179 694 1318 730 mundo
1348 704 1416 730 nos
1447 691 1614 739 protexit

225 750 299 787 Sua
334 750 462 787 lucent
491 750 529 787 in
562 761 712 794 corona,
1026 750 1077 787 Et
1110 750 1156 786 de
1186 750 1325 786 mundo
1358 760 1424 786 nos
1456 748 1680 793 transvexit,

223 808 340 853 Quam
371 807 565 854 inscripsit
596 807 697 843 Deus
729 810 848 855 pater,
1029 806 1106 843 Nos
1140 806 1186 843 de
1217 807 1328 843 terris
1359 806 1540 843 adunavit

223 863 327 900 Haec
359 868 413 899 est
447 864 512 900 illa
544 865 628 900 Iesu
660 868 790 911 mater,
1026 863 1076 900 Et
1105 863 1142 899 in
1175 863 1290 900 caelis
1323 863 1527 911 coronavit,

280 920 414 967 Maria,
449 920 554 967 virgo
586 920 786 967 virginum,
1082 920 1161 958 Nos
1192 920 1353 966 implens
1384 919 1484 956 omni
1516 919 1666 966 gaudio.

145 1090 183 1126 6.
231 1089 336 1126 Haec
368 1099 432 1125 vos
463 1088 585 1135 praeit
618 1099 701 1125 cum
732 1087 885 1137 honore,
958 1091 995 1128 9.
1028 1089 1271 1126 Exsultemus
1303 1093 1338 1125 et
1370 1088 1553 1125 laetemur

227 1145 398 1182 Trahens
430 1156 496 1182 suo
527 1156 592 1182 vos
624 1146 752 1191 odore,
1028 1145 1078 1182 Et
1109 1155 1191 1181 cum
1223 1156 1318 1190 agno
1349 1145 1610 1192 iucundemur,

230 1201 374 1238 Ferens
405 1201 549 1248 signum
580 1202 764 1238 vexillare
1028 1201 1280 1250 Delectemur,
1314 1202 1520 1250 epulemur,

226 1258 447 1296 Modulatur
479 1258 584 1296 vobis
618 1259 733 1307 clare,
1029 1258 1136 1294 Novo
1169 1262 1280 1295 cantu
1311 1258 1559 1298 modulemur.

226 1315 298 1351 Per
325 1313 473 1362 floreta,
506 1325 575 1361 per
606 1319 729 1352 roseta
1029 1314 1102 1351 Hic
1135 1319 1191 1351 est-
1221 1325 1340 1352 annus
1371 1314 1568 1359 iubilaeus,

224 1371 367 1408 Promit
398 1371 506 1408 vobis
532 1368 687 1408 ¹carmen
718 1372 832 1420 laeta,
1029 1372 1058 1409 O
1091 1382 1200 1418 quam
1233 1371 1357 1408 suavis
1389 1381 1440 1414 es,
1478 1382 1499 1407 ο
1530 1371 1652 1407 Deus!

281 1429 484 1466 Cantantes
517 1427 800 1475 subsequimini.
1086 1429 1176 1464 Post
1207 1432 1243 1464 te
1273 1428 1454 1465 ardenter
1484 1427 1679 1465 currimus.

226 1484 397 1521 Summas
429 1495 539 1522 voces
570 1485 802 1532 angelorum,
1028 1485 1257 1521 Aestuantes
1289 1495 1381 1531 prae
1412 1494 1539 1521 amore

223 1542 341 1578 Omne
377 1551 492 1588 genus
523 1542 762 1587 musicorum,
1029 1541 1107 1577 Nos
1139 1551 1346 1588 consperge
1379 1540 1480 1578 dulci
1513 1551 1610 1587 rore,

226 1598 332 1634 Haec
363 1608 540 1644 suprema
571 1598 786 1644 philomena
1031 1597 1175 1644 Sponse
1207 1602 1335 1634 noster
1365 1597 1610 1646 praedilecte,

226 1654 301 1695 Sua
332 1655 449 1691 vincit
478 1655 678 1703 cantilena,
1029 1654 1154 1691 Trahe
1185 1665 1252 1691 nos
1283 1659 1368 1701 post
1397 1658 1434 1690 te
1467 1654 1623 1699 directe,

223 1712 340 1756 Quam
372 1716 571 1758 sequentes
602 1712 854 1748 condecenter
1029 1711 1082 1747 Te
1114 1711 1272 1755 sitimus,
1307 1714 1343 1747 te
1375 1711 1567 1757 sentimus,

224 1767 438 1814 Diligenter
469 1772 504 1804 et
536 1768 716 1804 ardenter
1028 1768 1070 1804 In
1103 1778 1167 1805 cor
1198 1772 1300 1804 tuum
1332 1778 1459 1804 omnes
1489 1767 1598 1813 imus,

281 1823 469 1860 Dilectum
503 1824 811 1871 complectimini.
1085 1824 1141 1861 De
1173 1835 1267 1862 vena
1298 1824 1397 1861 vitae
1428 1823 1605 1861 bibimus.

145 1994 164 2007 ,-

149 2006 179 2030 1.
226 1992 357 2030 Dulcis
390 2004 561 2041 sponsus,
595 1993 657 2039 qui
685 2004 748 2030 vos
771 1996 884 2042 amat,
934 1993 999 2032 10.
1033 1995 1074 2031 In
1105 2000 1141 2031 te
1172 2004 1300 2030 omnes
1330 2004 1618 2038 commoramur,

224 2050 287 2086 Sic
317 2050 366 2086 ad
398 2061 463 2086 vos
497 2050 543 2086 de
570 2050 705 2086 throno
727 2050 885 2087 clamat:
1031 2051 1084 2086 Te
1116 2051 1153 2086 in
1185 2050 1293 2086 nobis
1324 2050 1596 2098 amplexamur,

228 2107 256 2144 O
289 2106 463 2144 dilectae.
501 2117 522 2143 ο
554 2106 716 2155 sodales,
1031 2107 1186 2144 Yultum
1218 2111 1319 2142 tuum
1352 2107 1662 2152 contemplamur,

229 2162 397 2209 Sponsae
427 2173 532 2199 meae
563 2163 760 2210 speciales,
1029 2164 1145 2209 Quem
1177 2167 1345 2200 amantes
1376 2162 1652 2199 inflammamur

227 2220 291 2256 Me
322 2220 461 2265 videte,
494 2230 552 2255 me
584 2219 731 2262 habete,
1030 2220 1081 2256 Et
1112 2230 1179 2256 nos
1211 2219 1303 2256 satis
1334 2219 1576 2265 admiramur,

228 2276 367 2312 Memet
399 2276 521 2322 ipsum
555 2276 760 2325 possidete,
1031 2277 1138 2322 Quod
1171 2276 1218 2313 de
1248 2280 1285 2312 te
1316 2287 1389 2313 non
1421 2276 1613 2325 satiamur,

285 2332 441 2381 sentite,
475 2331 727 2380 perfruimini.
1086 2332 1251 2369 Excedis
1289 2332 1387 2369 enim
1417 2332 1552 2370 omnia.

228 2389 301 2426 Per
341 2389 526 2435 meipsum
559 2400 624 2426 vos
657 2389 887 2436 complector
1029 2389 1116 2425 Tibi
1146 2389 1296 2426 laudem
1330 2400 1410 2426 cum
1443 2389 1579 2431 Maria,

227 2445 277 2481 Et
308 2445 345 2481 in
378 2445 484 2482 vobis
518 2446 774 2492 condelector,
1029 2446 1131 2490 Quae
1161 2456 1228 2482 nos
1261 2446 1369 2482 duxit
1400 2445 1437 2481 in
1471 2445 1540 2481 hac
1572 2446 1646 2491 via,

204 2501 256 2538 ,Ο
291 2502 481 2547 victrices,
516 2513 534 2538 e
566 2500 709 2551 felices,
1031 2503 1170 2539 Nostro
1204 2503 1334 2538 damus
1367 2501 1560 2550 salvatori,

226 2558 336 2594 Meae
367 2568 477 2595 carae
511 2559 737 2606 dilectrices,
1032 2559 1104 2595 Pro
1136 2569 1208 2605 quo
1240 2558 1350 2595 dulce
1382 2556 1453 2594 fuit
1484 2558 1593 2602 mori,

227 2615 362 2651 Vester
394 2625 460 2661 ego
493 2626 573 2651 sum
606 2620 640 2651 et
673 2626 749 2662 ero,
1029 2615 1099 2660 Qui
1130 2615 1277 2662 amasti,
1310 2615 1371 2660 qui
1403 2614 1542 2663 iuvisti,

226 2672 342 2716 Quem
373 2671 527 2708 amastis
560 2672 673 2707 corde
704 2682 820 2719 mero,
1029 2671 1098 2717 Qui
1129 2671 1178 2707 ad
1209 2675 1246 2707 te
1276 2681 1343 2707 nos
1373 2671 1606 2719 pertraxisti,

282 2727 347 2764 Me
379 2738 555 2774 sponsum
589 2728 821 2766 osculamini.
1087 2727 1173 2763 Tibi
1204 2727 1253 2763 sit
1283 2727 1364 2764 laus
1389 2732 1423 2763 et
1457 2727 1588 2773 gloria.
