1785 3111
689 96 999 136 -265—

65 210 266 242 Cluniacen.
298 207 365 241 262
391 208 495 251 sqq),
532 220 598 240 nur
622 210 756 251 wenige
781 210 944 250 Hymnen
964 208 1145 251 erhalten.
1193 208 1272 240 Von
1296 207 1363 239 den
1388 209 1424 239 in
1449 207 1510 238 der
1534 207 1625 238 Bibl.

64 255 269 289 Cluniacen.
303 255 533 298 mitgeteilten
566 255 679 286 haben
717 256 781 285 wir
818 255 908 286 noch
939 254 1046 295 jenen
1083 254 1143 286 der
1179 254 1227 285 hl.
1263 255 1379 286 Maria
1414 251 1627 294 Magdalena

65 301 209 342 „Lauda
233 304 345 332 mater
369 298 537 332 ecclesia“
567 311 609 331 zu
635 300 818 332 streichen.
861 300 910 332 Er
934 300 1031 331 kann
1056 299 1154 331 nicht
1177 310 1246 331 von
1263 299 1338 331 0ᾱο
1357 303 1538 335 stammen,
1563 298 1627 328 mit

62 347 186 378 dessen
218 346 413 378 Verskunst
449 357 486 378 er
522 347 570 377 im
602 345 875 387 Widerspruche
906 345 1014 384 steht,
1050 345 1120 377 und
1153 345 1277 388 gehon-t
1308 344 1496 376 zweifellos
1531 343 1627 374 einer

62 393 223 434 spiiteren
247 393 323 424 Zeit
348 402 402 423 an.
444 391 576 424 Stiinde
602 402 637 423 es
662 392 738 428 fest,
765 391 839 423 dass
866 391 939 422 Odo
968 393 1128 432 Hymnen
1153 391 1216 423 auf
1236 390 1444 430 Magdalena
1470 388 1626 426 verfasst,

60 437 172 469 wofiir
195 437 252 469 ich
277 437 369 468 mich
395 437 595 478 vergeblich
620 437 710 468 113011
736 438 848 469 einem
873 437 1007 468 alteren
1031 437 1221 477 Zeugnisse
1245 436 1405 471 umsehe,
1439 445 1476 466 so
1504 434 1623 465 hatten

61 482 142 515 eher
186 483 243 515 die
282 483 408 515 beiden
448 484 613 524 Hymnen
657 482 896 523 „Fidelium
940 480 1148 514 devotio“
1194 482 1264 513 und
1307 482 1469 519 „Maria
1510 481 1626 511 fusis

59 525 292 560 crinibus“
318 528 432 567 (Anal.
460 529 505 567 ΙΙ,
531 526 573 560 97
601 528 663 570 sq.)
688 528 743 559 fiir
768 529 843 560 sein
868 528 977 559 VVerk
1004 538 1045 559 zu
1070 527 1197 569 gelten.
1240 528 1306 559 Die
1333 538 1398 558 uns
1425 525 1627 557 erhaltenen

59 574 242 605 Triimmer
275 573 335 606 der
366 573 643 615 hymnodischen
677 573 859 615 Tatigkeit
890 573 984 605 Odos
1016 573 1094 604 sind
1128 573 1175 604 im
1200 572 1385 614 folgenden
1411 581 1626 603 zusammen-

58 619 199 661 gestellt
225 619 295 651 und
319 621 365 650 ist
390 619 449 651 des
475 620 673 651 Verfassers
699 619 907 650 Autorrecht
931 620 967 650 in
993 618 1059 650 den
1084 619 1199 650 Noten
1225 618 1426 660 begriindet.

534 878 614 914 199.
639 878 696 920 (l.)
731 878 776 912 In
802 877 934 913 sancti
958 877 1142 912 Martini.

708 948 760 979 Ad
788 949 972 990 Vesperas.

80 1054 115 1090 1.
148 1052 229 1089 Rex
263 1051 426 1101 Christe,
461 1051 619 1089 Martini
652 1051 778 1100 decus,
894 1054 932 1090 3.
964 1052 1037 1097 En,
1071 1062 1218 1098 pauper
1248 1052 1309 1088 hic
1341 1056 1377 1088 et
1408 1051 1579 1089 modicus

144 1108 218 1146 Hic
248 1109 330 1146 laus
360 1112 436 1157 tua,
470 1114 510 1145 tu
540 1108 655 1153 illius,
963 1109 1094 1146 Polum
1127 1109 1232 1145 dives
1263 1109 1489 1157 ingreditur,

145 1165 201 1202 Tu
233 1176 300 1202 nos
331 1165 370 1202 in
399 1165 499 1202 hunc
529 1169 566 1202 te
598 1166 735 1213 colere5
964 1165 1068 1203 Caeli
1101 1165 1276 1202 cohortes
1307 1166 1472 1215 obviant,

144 1223 240 1269 Quin
272 1222 396 1271 ipsum
427 1222 466 1259 in
497 1226 534 1259 te
562 1222 699 1260 tribue.
965 1222 1147 1269 Linguae,
1180 1222 1314 1271 tribus,
1347 1227 1477 1270 gentes
1498 1227 1625 1261 ovant.

78 1338 114 1374 2.
147 1335 218 1382 Qui
250 1335 319 1372 das
350 1346 419 1382 per
449 1334 551 1372 orbis
584 1335 772 1381 cardines,
898 1338 936 1374 4.
969 1336 1023 1374 Ut
1053 1336 1129 1372 vita
1163 1334 1281 1382 fulget
1313 1336 1494 1373 transitus

148 1392 256 1438 Quod
276 1402 422 1440 gemma
436 1390 555 1439 fulget
575 1392 808 1439 praesulum,
968 1392 1092 1430 Caelis
1126 1397 1163 1429 et
1193 1402 1283 1429 arvo
1315 1393 1561 1439 splendidus3
1617 1388 1619 1390 ’

146 1448 219 1498 Da,
243 1460 336 1495 quos
356 1453 532 1496 premunt
555 1449 690 1496 culpae
711 1459 858 1496 graves,
964 1449 1142 1487 Gaudere
1173 1449 1318 1486 cunctis
1349 1449 1451 1496 pium
1484 1454 1552 1493 est,

146 1505 277 1543 Solvat
306 1517 376 1552 per
405 1506 537 1553 ingens
567 1506 753 1544 meritum.
964 1507 1117 1543 Cunctis
1148 1507 1249 1544 salus
1280 1507 1329 1543 sit
1359 1507 1452 1544 haec
1483 1507 1576 1547 dies,

483 1622 518 1658 5.
553 1619 609 1656 Sit
638 1620 803 1657 trinitati
834 1620 967 1667 gloria,

550 1677 742 1714 Martinus
770 1681 811 1713 ut
843 1675 1038 1714 confessus
1072 1681 1141 1725 est,

552 1734 666 1772 Cuius
697 1733 811 1771 fidem
843 1744 914 1782 per
943 1744 1059 1781 opera

552 1791 621 1836 Qui
650 1801 800 1837 semper
830 1791 869 1828 in
899 1801 967 1828 nos
997 1790 1163 1830 roboret.

147 1903 248 1934 Brev.
283 1913 346 1934 ms.
380 1903 572 1935 Casinense
605 1912 695 1934 saec.
731 1901 783 1935 10.
833 1903 916 1935 Cod.
951 1904 1114 1936 Casinen.
1148 1901 1224 1936 506.
1255 1904 1295 1935 A.
1323 1922 1364 1926 —
1391 1905 1535 1936 Collect.
1561 1915 1624 1936 ms,

57 1948 285 1981 Martialense
324 1958 414 1980 5300.
459 1946 510 1980 10.
571 1948 654 1980 Cod.
692 1948 844 1980 Parisin.
888 1947 985 1981 1240.
1027 1950 1064 1981 Β.
1105 1966 1147 1970 —
1185 1950 1294 1981 Psalt.
1332 1954 1366 1981 et
1406 1950 1523 1991 hymn.
1561 1961 1623 1982 ms.

56 1993 323 2026 Marchianense
366 2003 457 2026 5300.
497 1990 543 2035 [9.
585 1991 634 2035 et]
678 1991 730 2025 10.
791 1994 874 2026 Cod.
916 1996 1070 2035 Duacen.
1114 1993 1187 2026 170.
1229 1996 1265 2027 C.
1306 2013 1352 2017 ——
1396 1997 1519 2036 Hymn.
1561 2007 1624 2027 ms.

54 2040 307 2072 Moissiacense
331 2050 421 2072 saec.
458 2037 508 2071 10.
558 2040 640 2074 Cod.
667 2041 828 2072 Rossian.
854 2041 940 2072 VIII
969 2038 1042 2072 144.
1069 2041 1112 2072 D.
1137 2057 1181 2063 ν-
1207 2042 1307 2073 Brev.
1333 2052 1396 2073 ms.
1422 2042 1623 2073 Strumense

56 2095 143 2118 saec.
181 2083 235 2116 11.
282 2085 364 2118 Cod.
396 2086 622 2116 Laurentian.
657 2085 763 2117 Conv.
797 2096 871 2127 sup.
903 2084 980 2117 524.
1012 2087 1052 2117 Ε.
1085 2103 1128 2107 -
1161 2088 1290 2127 Hymn.
1328 2098 1389 2118 ms.
1422 2087 1624 2119 Veronense

56 2141 144 2163 saec.
180 2128 232 2162 11.
285 2130 367 2162 Cod.
405 2131 521 2172 Capit.
555 2131 727 2163 Veronen.
766 2129 829 2163 109
864 2129 969 2171 (102.)
998 2133 1034 2164 F.
1070 2149 1113 2153 —
1145 2133 1272 2173 Hymn.
1307 2143 1369 2163 ms.
1401 2132 1436 2164 S.
1471 2132 1624 2173 Sophiae

54 2177 279 2208 Beneventan
327 2187 417 2208 saec.
461 2175 512 2208 11.
570 2176 652 2208 Cod.
690 2176 911 2218 Neapolitan.
952 2178 999 2209 VI
1034 2178 1065 2209 E
1102 2176 1157 2209 43.
1195 2178 1233 2210 G.
1272 2195 1317 2200 —-
1354 2180 1453 2210 Brev.
1491 2189 1554 2209 ms.
1588 2181 1623 2210 ὃ.

54 2220 221 2263 Eutychii
244 2222 390 2253 Nursini
415 2232 505 2254 saec.
534 2220 584 2253 11.
626 2222 710 2254 Cod.
732 2222 952 2254 Vallicellan.
972 2223 1010 2254 B.
1029 2221 1082 2254 79.
1102 2224 1145 2255 Η,
1166 2240 1208 2244 -
1227 2224 1353 2265 Hymn.
1374 2234 1435 2255 1115.
1458 2224 1623 2256 Farfense

56 2277 145 2299 saec.
172 2266 224 2298 11.
270 2267 353 2299 Cod.
379 2269 524 2299 Roman.
553 2265 617 2299 175
640 2266 744 2307 (Farf.
770 2266 813 2303 4).
839 2269 865 2299 Ι.
894 2285 932 2289 —
963 2268 1107 2309 Antiph.
1134 2272 1169 2300 et
1193 2269 1296 2300 Grad.
1325 2280 1386 2301 ms.
1405 2271 1622 2301 Nivernense

56 2322 143 2344 saec.
161 2310 213 2349 12.
239 2312 322 2345 Cod.
335 2313 485 2345 Par-isin.
504 2313 616 2345 Nouv.
633 2323 707 2355 aeq.
724 2311 821 2344 1235.
838 2314 879 2345 Κ.
894 2331 938 2335 -
952 2314 1173 2346 Bibliotheca
1186 2314 1389 2346 Cluniacen.
1406 2315 1471 2346 001.
1486 2312 1564 2346 264.
1582 2316 1620 2346 L.

148 2356 176 2396 1,
208 2356 231 2390 4
261 2358 309 2389 Et
340 2360 454 2400 ipsum
486 2359 526 2389 B.
560 2375 598 2380 —
634 2357 663 2395 2,
694 2358 707 2390 1
736 2359 799 2390 Cui
826 2359 887 2390 das
913 2360 962 2397 A;
988 2360 1106 2391 orbem
1130 2356 1171 2391 F.
1200 2377 1239 2380 —-
1266 2359 1297 2400 3,
1324 2358 1344 2392 2
1369 2361 1478 2392 Dives
1503 2360 1623 2402 polum

54 2403 162 2444 ABG;
187 2403 330 2435 Caelum
356 2404 454 2436 dives
480 2403 567 2435 CIK.
595 2422 640 2425 —
665 2402 696 2438 3,
722 2402 743 2436 3
768 2403 865 2436 Caeli
890 2404 976 2436 fehlt
1000 2406 1041 2436 A.
1068 2422 1112 2426 -—
1135 2404 1166 2441 4,
1194 2403 1214 2436 2
1239 2406 1354 2438 Caelis
1381 2410 1415 2437 et
1439 2407 1514 2437 orbi
1532 2407 1558 2437 Ι.
1579 2423 1622 2426 *—

57 2447 86 2481 7,
121 2447 136 2480 1
172 2449 341 2481 trinitatis
373 2450 412 2481 F.
442 2466 486 2471 —
519 2447 551 2487 7,
584 2448 605 2480 3
629 2449 695 2481 fide
720 2451 756 2481 F.
784 2467 824 2472 -—
852 2448 882 2489 7,
907 2448 930 2481 4
954 2451 995 2481 In
1020 2461 1083 2482 nos
1109 2455 1143 2482 et
1166 2452 1241 2492 ipse
1267 2452 1408 2483 roboret
1432 2452 1622 2484 CEFHIK.

55 2511 99 2515 —
122 2494 195 2526 Vor
220 2493 286 2526 Str.
313 2493 334 2526 5
359 2495 522 2527 schieben
551 2496 578 2526 B
605 2497 682 2527 eine
706 2495 774 2535 (die
800 2493 911 2536 erste),
935 2496 966 2527 D
994 2497 1078 2527 zwei
1106 2497 1280 2538 Strophen
1306 2499 1386 2528 ein:

122 2572 214 2604 Erili
238 2578 339 2606 nocte
362 2574 477 2606 media
984 2576 1146 2614 Martine,
1172 2576 1319 2607 mundus
1344 2580 1377 2607 te
1403 2576 1488 2608 colit

122 2619 284 2651 Abrahae
310 2621 406 2651 sinus
433 2620 552 2657 subiit,
988 2621 1194 2653 Consertum
1220 2625 1257 2652 ut
1282 2622 1463 2662 apostolis,

124 2664 192 2703 Qui
216 2674 302 2706 pace
327 2666 453 2707 migrat
477 2665 622 2704 reddita,
988 2667 1099 2698 Voces
1126 2671 1327 2708 precantum
1353 2668 1501 2708 suscipe,

124 2710 235 2748 Quam
259 2710 379 2742 reddet
403 2714 438 2742 et
461 2721 553 2742 nune
577 2711 740 2752 dyscolis.
986 2712 1139 2750 Cunctis,
1167 2712 1259 2753 quod
1285 2716 1396 2754 egent⁷
1422 2713 1551 2743 obtine.

146 2788 299 2820 Vinzenz
332 2800 402 2821 von
436 2791 608 2822 Beauvais
640 2790 798 2822 bemerkt
829 2792 865 2821 in
898 2791 1029 2823 seinem
1063 2790 1249 2832 Speculum
1281 2791 1475 2823 Historiale
1513 2802 1540 2822 0.
1576 2789 1619 2822 55

56 2842 127 2864 von
154 2832 246 2865 Odo:
275 2835 363 2875 „Hic
390 2837 494 2867 etiam
512 2835 722 2877 antiphonas
749 2840 783 2867 et
809 2835 990 2876 hymnos
1017 2836 1066 2868 de
1091 2837 1225 2868 beato
1250 2837 1448 2868 Martino
1474 2836 1619 2867 dictavit

0 2800 3 2868 ὲ

0 2886 5 2970 l
