1785 3111
691 77 997 119 —107-

117 195 153 231 5.
186 192 344 231 Pulsata
374 203 444 230 nec
473 203 548 229 non
579 192 727 239 asperis

186 249 476 287 Adversitatum
507 249 678 298 spiculis,

187 306 317 343 Fortis
347 305 424 344 fide
454 311 690 355 perseverat,

188 363 340 400 Christo
371 363 487 400 semel
519 374 629 410 quam
651 366 820 402 voverat.

150 484 159 493 .
192 453 324 491 Hostis
356 451 465 490 ferox
495 453 543 491 ab
575 453 732 490 artubus

190 510 296 548 Tulit
326 511 476 557 puellae
507 510 679 557 pallium,

191 566 335 605 Stolam
367 568 435 605 sed
465 567 567 604 intus
600 567 766 614 pectoris

189 622 356 661 Auferre
387 635 497 661 nemo
528 624 713 671 quiverat.

150 746 159 755 .
192 715 288 761 Quin
324 715 500 753 Christus
541 719 577 752 et
613 713 823 753 forinsecus

189 772 312 810 Mittit
344 773 524 818 poderem
557 772 707 822 virgini,

190 830 300 867 Hanc
331 828 502 866 veritatis
533 828 666 866 intimo

190 886 340 924 Docens
370 886 547 924 amictam
578 886 706 924 linteo.

148 1007 157 1016 .
190 977 353 1014 Inducta
382 977 421 1013 in
450 977 582 1014 aedem
615 976 797 1022 sordium,

188 1035 224 1071 A
255 1034 369 1070 sorde
399 1038 546 1080 martyr
578 1033 700 1070 libera
731 1038 801 1083 est,

188 1090 286 1136 Quin
319 1090 365 1127 de
397 1090 480 1127 loco
513 1090 716 1138 prostibuli

189 1148 351 1186 Precum
384 1152 542 1194 repente
573 1146 614 1184 fit
644 1148 762 1186 locus.

939 194 978 230 9.
1011 192 1253 229 Illuminatur
1284 192 1441 229 caelitus

1008 249 1176 286 Latebra
1198 249 1386 295 quondam
1405 250 1639 300 daemonum,

1009 306 1199 353 Pulsoque
1231 306 1298 343 leti
1329 305 1504 352 principe

1010 362 1122 401 Vitae
1154 363 1327 399 minister
1359 362 1538 400 cernitur.

914 454 980 495 10.
1013 453 1130 490 Probi
1160 453 1325 499 probant
1356 453 1544 500 magnalia

1010 509 1207 557 Deumque
1238 510 1425 547 honorant
1450 509 1643 559 martyris,

1014 567 1155 603 Illusor
1185 571 1223 604 at
1256 567 1429 603 miraculi

1012 623 1106 660 Mox
1147 628 1268 660 morte
1306 624 1419 671 digna
1450 624 1640 670 plectitur.

915 717 978 756 11.
1011 714 1072 753 Ab
1104 713 1217 751 inferi
1250 725 1358 761 quem
1390 714 1512 751 ianuis

1009 773 1163 818 Martyr
1195 771 1305 808 beata
1338 771 1524 808 suscitans

1013 828 1076 866 Sic
1106 838 1176 875 per
1206 828 1306 864 lares
1338 839 1382 865 ac
1414 826 1558 865 ferreas

1007 887 1071 923 Ad
1102 889 1206 922 astra
1237 890 1368 932 portas
1399 886 1609 931 praevolat.

913 978 976 1017 12.
1010 977 1091 1023 Qua
1125 976 1334 1013 conditoris
1366 976 1524 1022 gloriam

1011 1034 1142 1071 Cernit
1173 1034 1229 1070 sui
1262 1043 1330 1079 per
1361 1033 1513 1070 saecula

1010 1090 1121 1128 Cives
1153 1095 1190 1126 et
1220 1091 1321 1126 inter
1352 1090 1500 1137 patriae

1011 1148 1197 1185 Caelestis
1229 1147 1386 1193 hymnos
1419 1147 1594 1185 concinit.

166 1248 363 1282 Cassander
386 1248 408 1280 l.
435 1259 463 1280 e.
490 1259 522 1290 p.
548 1245 613 1280 237
640 1259 713 1290 sqq.
741 1266 784 1270 —
822 1246 848 1287 1,
875 1246 896 1280 2
930 1249 1043 1281 beata.
1069 1266 1114 1269 —
1148 1246 1177 1287 1,
1203 1245 1224 1279 3
1257 1249 1364 1287 Quae.
1391 1266 1435 1269 —
1470 1247 1499 1287 7,
1529 1246 1544 1279 1
1579 1249 1647 1288 Qui

74 1294 244 1328 Christus.
270 1312 314 1316 -—
343 1292 394 1332 12,
419 1291 440 1326 3
466 1294 573 1326 Civis.

398 1453 458 1489 85.
495 1454 553 1496 (7.)
587 1454 633 1488 In
659 1453 884 1489 Nativitate
913 1463 944 1488 S.
972 1452 1165 1489 Iohannis
1193 1454 1315 1498 Bapt.

122 1549 158 1587 1.
192 1547 424 1585 Praecursor
454 1547 520 1584 alti
552 1547 703 1584 luminis

189 1604 241 1642 Et
272 1615 411 1651 praeco
443 1603 549 1641 verbi
582 1604 775 1652 nascitur3

191 1661 368 1711 Laetare,
402 1672 468 1698 cor
497 1660 679 1708 fidelium,

190 1718 407 1765 Lucemque
438 1718 607 1765 gaudens
638 1718 790 1765 accipe!

152 1852 159 1860 .
192 1820 373 1858 Miranda
405 1820 509 1857 cuius
539 1820 701 1857 saeculis

191 1877 384 1915 Nativitas
416 1887 486 1924 per
515 1877 691 1924 angelum

191 1933 364 1972 Innotuit
390 1934 614 1981 parentibus

190 1992 260 2030 Pia
290 1989 366 2028 fide
396 1990 471 2028 iam
502 1991 701 2038 praeditiS.

150 2123 160 2132 .
195 2092 364 2132 Sublime
396 2093 455 2129 cui
486 2092 711 2130 vocabulum

189 2150 376 2187 Iohannes
406 2150 489 2196 ipse
522 2149 679 2188 Gabriel

190 2207 358 2253 Imponit
389 2210 425 2243 et
457 2206 668 2244 clarissima

193 2264 319 2311 Ipsius
350 2268 437 2301 acta
467 2263 669 2310 praecinit,

150 2396 158 2405 .
191 2366 261 2413 Qui
292 2365 426 2403 matris
457 2365 582 2402 adhuc
613 2366 794 2413 parvulus

192 2423 317 2461 Vulva
348 2426 519 2459 retentus
550 2423 726 2469 spiritum

194 2480 372 2526 Percepit
402 2480 522 2517 almus
553 2480 710 2528 gratiae,

190 2537 315 2574 Testis
347 2535 496 2574 futurus
525 2537 682 2584 gratiae,

151 2667 160 2676 .
193 2638 440 2686 Necdumque
471 2643 581 2676 natus
611 2638 685 2675 iam
720 2638 827 2676 dedit

191 2694 250 2732 De
280 2695 365 2732 luce
395 2695 663 2741 testimonium⁷

192 2752 299 2798 Quod
330 2756 440 2789 natus
462 2752 689 2789 admirabili

190 2808 404 2855 Complevit
433 2809 516 2855 ipse
548 2809 587 2846 in
620 2809 757 2856 gloria.

942 1549 978 1585 6.
1011 1547 1085 1585 Hic
1116 1547 1300 1593 plurimos
1333 1558 1378 1583 ex
1410 1548 1531 1584 Israel

1012 1603 1154 1641 Christi
1186 1603 1275 1641 fidei
1307 1603 1479 1641 subdidit

1008 1661 1061 1698 Et
1092 1660 1208 1697 eorda
1239 1665 1389 1708 patrum
1421 1661 1458 1697 in
1491 1660 1587 1698 filios

1011 1717 1162 1755 Docens
1194 1728 1359 1765 superna
1390 1718 1596 1755 transtulit.

949 1833 979 1859 ι.
1011 1821 1056 1858 In
1087 1820 1222 1857 Heliae
1253 1820 1317 1866 qui
1347 1820 1484 1869 spiritu

1010 1877 1123 1913 Venit
1155 1877 1366 1924 prophetae
1397 1877 1567 1914 semitam

1009 1934 1153 1972 Para-re
1184 1934 1336 1972 Christo
1367 1945 1411 1971 ac
1442 1934 1618 1981 plebibus

1010 1991 1090 2027 Iter
1125 1991 1259 2027 salutis
1290 1991 1472 2038 pandere.

944 2095 980 2130 S.
1012 2093 1092 2139 Quo
1124 2091 1350 2129 feminarum
1383 2094 1420 2129 in
1452 2093 1541 2131 filiis

1010 2149 1204 2196 Propheta
1234 2150 1354 2187 maior
1382 2150 1508 2187 nullus
1540 2155 1608 2197 est,

1009 2206 1105 2254 Quin
1134 2207 1217 2253 ipse
1248 2207 1354 2243 miris
1386 2207 1533 2244 actibus

1011 2263 1102 2301 Plus
1134 2274 1246 2310 quam
1277 2263 1466 2310 propheta
1492 2264 1643 2303 claruit.

942 2367 979 2404 9.
1012 2365 1210 2412 Baptisma
1242 2366 1499 2413 paenitentiae

1011 2422 1081 2469 Qui
1112 2423 1364 2469 praedicabat
1394 2433 1439 2460 ac
1471 2423 1576 2459 dedit

1010 2478 1233 2527 Turbasque
1264 2481 1349 2517 Iesu
1379 2480 1525 2527 gratiae

1010 2536 1288 2574 Illuminandas
1324 2537 1476 2575 obtulit.

916 2637 980 2677 10.
1014 2639 1218 2685 Ipsumque
1250 2639 1386 2686 Iesum,
1425 2638 1487 2684 qui
1519 2638 1643 2674 onmia

1017 2694 1157 2732 Sancto
1187 2695 1318 2732 lavans
1350 2696 1389 2731 in
1421 2694 1556 2741 spiritu

1013 2751 1218 2796 Emundat‚
1251 2752 1289 2788 in
1321 2751 1511 2788 Iordanici

1013 2808 1144 2845 Tinxit
1175 2807 1315 2845 fluento
1347 2807 1519 2855 gurgitis,
