1785 3111
715 116 1020 157 —623—

534 227 615 264 404.
651 227 708 270 (6.)
744 228 802 263 De
828 228 970 264 sancto
999 228 1209 264 Udalrico.

324 403 598 441 Introitus.

172 527 247 565 Hie
277 527 478 566 Odelricus
510 528 690 565 deserens

170 584 294 622 Huius
324 585 426 622 vitae
456 584 647 622 miseriam

173 641 330 691 Christi,
363 641 454 678 solis
485 641 666 689 iustitiae,

172 697 442 735 Desideratam
475 698 618 745 regiam

173 754 357 793 Gaudens
388 754 546 792 intravit
577 754 702 803 hodie,

171 811 348 859 Adeptus
380 811 476 848 caeli
507 811 677 859 gloriam.

327 1014 601 1054 Graduale.

175 1139 270 1177 Sunt
299 1142 457 1187 apertae
484 1140 580 1178 caeli
611 1143 744 1186 portae

175 1196 354 1234 Odelrico
385 1201 536 1243 sumpta
566 1200 668 1233 sorte

170 1252 429 1300 Supernorum
460 1264 543 1290 cum
575 1253 742 1299 cohorte,

170 1309 313 1357 Quibus
344 1310 424 1348 vita
454 1310 537 1347 sine
567 1314 700 1357 morte,

168 1434 213 1471 In
243 1445 317 1481 qua
347 1435 487 1472 sanctis
518 1434 696 1482 gaudium

227 1495 284 1528 est
314 1491 395 1528 sine
425 1501 598 1528 maerore

170 1547 365 1595 Beataque
394 1548 544 1595 requies

227 1608 286 1642 est
315 1605 397 1642 sine
427 1605 570 1644 labore.

804 299 925 331 Missa.

1157 402 1404 440 Alleluia.

994 481 1068 518 Hic
1097 481 1298 519 Odelricus
1329 480 1503 528 pontifex

997 538 1149 575 Caelum
1181 539 1355 575 aseendit
1385 538 1510 587 hodie,

995 595 1133 641 Optata
1166 595 1228 642 qui
1260 594 1472 642 perfruitur

994 651 1135 688 Beatae
1169 652 1248 690 vita
1277 652 1431 699 gloriae.

1103 763 1463 804 offertorium.

995 846 1202 890 Acceptam
1235 844 1360 881 laudis
1392 844 1553 881 Domino

994 901 1073 938 Nos
1105 900 1304 937 offeramus
1336 901 1510 947 hostiam,

992 958 1140 995 Dantes
1173 958 1252 994 eius
1281 957 1471 1004 obsequiis

994 1014 1073 1051 Nos
1102 1024 1172 1061 per
1203 1015 1303 1051 vitae
1334 1014 1570 1066 munditiam,

992 1071 1062 1118 Qui
1093 1071 1260 1108 Odelrici
1291 1071 1478 1118 praesulis

994 1128 1213 1175 Peragimus
1241 1128 1474 1167 memoriam.

1130 1241 1432 1281 Communio.

992 1320 1133 1358 Christi
1164 1320 1233 1358 sub
1265 1321 1374 1367 panis
1402 1321 1530 1368 speeie

993 1377 1138 1425 Corpus
1170 1378 1269 1424 quod
1301 1388 1422 1424 nuper
1451 1378 1575 1426 latuit,

991 1435 1026 1472 A
1058 1435 1258 1472 sacerdote
1289 1435 1460 1485 sumitur,

992 1492 1097 1530 Sicut
1126 1491 1299 1529 Christus
1330 1491 1521 1539 instituit3

991 1547 1200 1593 Confioere,
1233 1549 1406 1595 recipere

990 1605 1075 1642 Hoc
1105 1605 1306 1644 Odelricus
1336 1605 1487 1646 meruit.
