1785 3111
731 89 1040 131 -574—

934 205 998 242 13.
1044 204 1202 250 Quando
1232 204 1340 241 vides
1371 210 1408 242 te
1439 205 1630 255 afflictum,

1046 261 1282 306 Desolatum‚
1315 262 1369 298 ita
1399 263 1553 310 victum,

1103 318 1211 364 Quod
1243 318 1348 364 quasi
1381 318 1547 367 deficias,

1047 373 1190 411 Christi
1223 375 1346 422 cogita
1377 376 1540 424 dolores,

1047 430 1192 468 Graves
1223 441 1365 477 poenas
1397 437 1434 468 et.
1463 432 1627 478 labores,

1104 487 1233 537 Sputa,
1269 488 1527 528 contumelias,

140 208 177 245 9.
225 206 387 252 Propter
418 205 609 242 hominum
640 208 798 251 peccata

223 262 315 299 Eius
348 272 434 298 caro
467 261 633 298 cruciata

278 318 369 354 Fuit
398 318 498 354 inter
529 317 700 361 verbera,

222 374 397 412 Membra
427 386 495 412 sua
527 380 611 411 sunt
645 374 811 411 distenta

222 432 386 478 Propter
415 441 553 478 aspera
583 435 770 470 tormenta

276 487 328 524 Et
358 487 466 525 illata
499 488 666 525 vulnera.

1045 589 1150 626 Bone
1181 587 1313 633 frater,
1345 590 1530 637 quidquid
1560 602 1664 640 agas,

1043 645 1224 685 Crucifixi
1258 646 1345 683 vide
1376 647 1508 693 plagas

1098 703 1149 739 Et
1182 702 1254 739 sibi
1288 708 1515 751 compatere,

1041 760 1150 797 Omni
1181 764 1351 806 tempore
1382 759 1457 796 sint
1487 759 1557 797 tibi

1042 816 1155 862 Quasi
1186 816 1379 863 spiritales
1412 816 1499 865 cibi,

1099 873 1168 911 His
1200 872 1410 920 gaudenter
1440 871 1580 912 fruere.

108 591 171 628 10.
220 590 325 626 Inter
355 600 510 636 magnos
543 590 732 626 cruciatus
930 592 995 628 14.

219 646 292 683 Est
322 646 360 683 in
395 657 505 683 cruce
535 646 756 684 lacrimatus

276 703 326 740 Et
359 703 482 739 emisit
514 703 712 751 spiritum,

220 759 459 807 Suspiremus
492 765 527 796 et
558 758 724 810 fleamus,

218 817 313 854 Toto
346 817 461 854 corde
494 817 686 854 doleamus

274 872 397 920 Super
427 873 673 921 unigenitum.

1041 974 1241 1021 Crucffixe,
1275 973 1337 1011 fac
1366 985 1426 1012 me
1458 973 1605 1020 fortem,

1039 1032 1095 1070 Ut
1126 1031 1289 1068 libenter
1318 1036 1421 1069 tuam
1453 1036 1610 1068 mortem

1096 1088 1289 1134 Plangam‚
1325 1089 1444 1125 donec
1475 1089 1617 1138 vixero,

104 976 168 1014 11.
215 975 315 1012 Dum
346 975 418 1012 hoc
447 975 568 1022 audis,
600 975 807 1022 ingemisce
927 974 993 1013 15.

216 1032 267 1068 Et
297 1032 336 1068 in
365 1032 448 1068 istis
480 1032 674 1078 planctum
705 1031 820 1068 misce

273 1088 323 1125 Et
356 1089 482 1125 cordis
514 1088 739 1134 maestitiam,

215 1147 361 1192 Corpus
394 1156 500 1194 ange,
535 1145 651 1182 corde
679 1145 832 1192 plange,

212 1202 379 1239 Mentem
407 1200 551 1250 frange,
585 1213 697 1239 manu
725 1206 852 1249 tange,

274 1258 416 1298 Christi
447 1265 606 1296 mortem
638 1259 791 1295 sentias.

1039 1145 1179 1181 Tecum
1210 1145 1295 1182 volo
1325 1145 1530 1193 vulnerari,

1039 1201 1093 1238 Te
1123 1201 1288 1238 libenter
1318 1202 1529 1249 amplexari

1096 1258 1139 1294 In
1171 1268 1282 1294 cruce
1313 1258 1503 1296 desidero,

1034 1361 1095 1398 Da
1127 1370 1298 1397 cruorem
1329 1360 1436 1407 quasi
1466 1369 1602 1408 rorem,

1034 1416 1087 1455 Ut
1116 1422 1154 1453 te
1188 1417 1330 1463 plorem
1362 1416 1642 1463 redemptorem

1093 1473 1296 1521 Christum,
1327 1475 1390 1520 qui
1420 1483 1480 1509 me
1506 1471 1673 1522 refoves,

1034 1529 1120 1567 Non
1151 1535 1188 1566 te
1219 1530 1347 1575 trices,
1379 1530 1447 1567 sed
1478 1528 1609 1566 felices

1038 1586 1246 1624 Cicatrices
1278 1587 1380 1623 mille
1411 1587 1512 1623 vices

1083 1643 1191 1681 Tuas
1222 1645 1260 1680 in
1288 1654 1348 1680 me
1378 1653 1549 1680 renoveS.

102 1362 168 1402 12.
213 1361 342 1399 Virum
375 1361 523 1408 respice
544 1361 726 1398 'dolorum
924 1361 988 1399 16.

211 1419 262 1455 Et
294 1418 537 1455 novissimum
568 1417 748 1462 virorum,

269 1476 422 1513 Fortem
455 1474 504 1511 ad
533 1474 740 1523 supplicia,

213 1531 301 1571 Tibi
333 1535 482 1578 gratum
513 1531 561 1568 sit
593 1535 629 1567 et
661 1541 819 1578 aequum

211 1589 291 1626 Iam
322 1588 360 1625 in
393 1598 503 1625 cruce
535 1587 629 1625 mori
660 1598 785 1624 secum

268 1645 320 1686 Et
352 1645 434 1691 pati
467 1645 650 1683 convicia.

486 1747 550 1784 17.
599 1746 734 1783 Totum
767 1746 829 1795 sit,
862 1745 962 1793 quod
995 1755 1062 1792 ego
1095 1745 1186 1795 dixi,

597 1803 659 1840 Ad
691 1803 870 1839 honorem
903 1801 1087 1847 crucifixi,

651 1860 713 1896 Ad
746 1859 896 1895 laudem
929 1863 965 1895 et
996 1858 1168 1906 gloriam,

598 1915 647 1953 Ut
680 1926 845 1952 meorum
878 1920 1120 1962 peccatorum

600 1972 795 2009 Gloriosus
829 1982 895 2008 rex
927 1972 1116 2008 caelorum

650 2028 748 2065 Mihi
781 2029 893 2065 donet
926 2028 1085 2066 veniam.

185 2141 328 2173 Collect.
363 2151 425 2172 ms.
460 2140 577 2171 Silvae
611 2140 644 2172 S.
678 2141 823 2171 Martini
855 2139 975 2181 (prope
1007 2139 1314 2178 Geraldimontem)
1347 2150 1436 2171 saec.
1473 2137 1523 2170 15.
1577 2138 1660 2170 Cod.

93 2186 335 2218 Vindobonen.
359 2187 448 2221 (KK.
475 2184 770 2225 Familien-Bibl.)
796 2183 893 2216 7961.
920 2187 960 2216 A.
985 2202 1029 2206 —
1055 2186 1150 2216 Orat.
1177 2195 1238 2216 ms.
1256 2186 1431 2226 Augiense
1458 2194 1546 2216 saec.
1575 2182 1664 2216 14ι’15.

93 2232 175 2263 Cod.
195 2232 440 2263 Carolsruhan.
459 2232 546 2273 Aug.
562 2229 615 2263 36.
636 2233 674 2262 B.
690 2248 733 2252 —
748 2231 828 2262 Cod.
848 2231 1103 2262 Darmstadien.
1122 2228 1221 2262 2775.
1239 2240 1328 2261 saec.
1346 2229 1396 2262 15.
1412 2230 1447 2261 C.
1462 2246 1504 2251 ——
1518 2229 1663 2262 Collect.

93 2288 154 2307 ms.
174 2278 396 2308 Franciscan.
416 2278 597 2309 Monacen.
624 2287 712 2308 saec.
733 2275 784 2308 15.
804 2276 890 2308 Chn.
909 2277 1091 2308 Monacen.
1110 2273 1209 2308 9003.
1228 2276 1270 2307 D.
1288 2292 1331 2296 —
1350 2275 1444 2306 Orat.
1468 2285 1529 2306 ms.
1548 2275 1663 2317 Tegu-

92 2323 205 2353 rinum
239 2333 328 2354 saec.
366 2321 415 2353 15.
442 2323 528 2353 Clm.
553 2323 734 2354 Monacen.
770 2319 896 2353 19824.
923 2321 964 2352 Ε.
998 2339 1042 2343 -
1067 2322 1162 2353 Orat.
1189 2332 1250 2352 ms.
1278 2320 1451 2362 Cleophae
1476 2320 1517 2352 de
1543 2320 1663 2352 Baden

92 2369 174 2398 anni
210 2366 305 2399 1516.
356 2368 439 2399 cod.
473 2368 616 2399 Paulan.
650 2365 703 2398 25.
742 2366 769 2399 1.
804 2365 1012 2406 15.(Sanb1.
1045 2367 1169 2398 memb.
1203 2365 1266 2406 76).
1294 2367 1330 2398 F.
1357 2385 1398 2389 ——
1426 2366 1567 2397 Collect.
1598 2376 1660 2396 ms.

91 2413 264 2443 Minorum
296 2413 436 2444 Trecen.
478 2415 560 2444 anni
602 2411 698 2444 1517.
759 2412 841 2444 Cod.
873 2414 1041 2444 Mazarin.
1078 2410 1143 2443 996
1178 2409 1279 2452 (902).
1313 2411 1353 2443 G.
1389 2429 1433 2432 —
1465 2412 1560 2443 Orat.
1598 2421 1661 2442 ms.

92 2458 311 2489 Lehninense
337 2459 420 2489 anni
448 2457 544 2489 1515.
575 2458 659 2490 Cod.
684 2458 883 2489 Berolinen.
902 2455 974 2489 1V⁶
993 2456 1046 2489 29.
1064 2458 1110 2488 H.
1127 2474 1169 2478 —
1188 2457 1282 2488 Orat.
1302 2468 1362 2488 ms.
1390 2456 1423 2487 S.
1440 2457 1535 2488 Petri
1554 2456 1661 2488 Salis-

91 2504 233 2544 burgen.
259 2513 348 2534 saec.
378 2502 428 2534 15.
470 2503 553 2535 eod.
577 2505 703 2534 Petrin.
730 2504 746 2535 I
764 2503 796 2535 b.
815 2501 868 2535 20.
888 2504 915 2534 Ι.
933 2521 977 2525 —
994 2503 1094 2534 Libri
1113 2507 1145 2534 et
1162 2506 1330 2534 tractatus
1349 2513 1375 2532 S.
1393 2503 1661 2533 Bonaventurae

91 2549 171 2589 imp.
198 2548 366 2580 Coloniae
396 2545 490 2579 14802.
518 2549 559 2579 K.

182 2593 296 2624 Pars
323 2595 460 2634 prior.
477 2611 521 2615 —
539 2594 757 2635 Anordnung
774 2593 833 2625 der
850 2593 1022 2635 Strophen
1041 2594 1076 2624 in
1093 2594 1137 2624 B:
1168 2590 1222 2624 10:
1249 2590 1286 2631 53
1314 2590 1350 2631 ὃς
1379 2590 1413 2624 7:
1444 2589 1658 2631 11:12;14;

94 2637 142 2671 16.
172 2637 274 2673 1—3:
307 2637 356 2678 17,
383 2637 490 2677 4—6·,
521 2637 578 2671 182
609 2638 663 2670 19:
691 2636 743 2676 20,
769 2638 875 2679 4—63
901 2637 955 2676 20,
983 2636 1086 2675 1—33
1112 2636 1172 2671 21:
1199 2635 1252 2668 22.
1294 2638 1386 2668 Ffinf
1401 2636 1573 2677 §trophen
1599 2637 1658 2668 des

90 2688 204 2715 ersten
230 2684 346 2715 Teiles
371 2683 414 2723 (1.
442 2682 472 2720 1³⁷.
499 2681 530 2719 9.
561 2682 612 2721 12,
642 2683 693 2723 15)
716 2683 777 2715 hat
803 2695 838 2715 es
864 2686 899 2715 in
925 2684 990 2715 den
1015 2684 1161 2715 zweiten
1186 2683 1261 2714 Teil
1288 2682 1654 2723 hiniihergenommen3

89 2728 162 2760 drei
182 2729 354 2771 Strophen
370 2727 436 2769 (13,
459 2727 509 2767 14,
531 2727 582 2767 19)
603 2729 716 2761 t'ehlen
735 2729 806 2760 ihm
824 2729 1004 2770 ganzlicm
1029 2725 1187 2770 dagegen
1205 2728 1311 2759 bietet
1328 2738 1363 2759 es
1381 2727 1459 2758 fsmf
1472 2726 1658 2768 Strophen,

89 2774 143 2805 die
170 2776 205 2805 in
229 2774 295 2806 den
321 2775 450 2806 andern
469 2775 617 2813 Quellen
645 2774 740 2805 nicht
766 2774 967 2806 vorhanden
994 2773 1080 2805 sind.
1121 2774 1186 2804 Die
1213 2777 1301 2804 erste
1326 2772 1506 2804 derselben
1531 2775 1659 2804 ersetzt

90 2820 155 2850 Str.
188 2819 199 2850 1
234 2820 302 2851 und
329 2820 456 2851 lautet:

1755 2297 1761 2307 “
1756 2126 1778 2246 “’ΜΦΜ
1767 2094 1772 2100 ›
1768 2052 1776 2062 .
1767 1969 1782 2029 Lv-
