1785 3111
761 96 815 100 —
873 73 956 113 200
1014 96 1070 99 -

407 190 443 226 9.
491 188 606 226 Cuius
638 187 741 224 orbis
772 187 904 232 honor,
938 186 1041 224 cuius
1074 191 1111 223 01
1142 187 1310 233 aethera,

494 243 608 281 Cuius
639 244 717 280 vita
746 244 848 280 salus
877 248 912 279 et
944 243 1042 280 bona
1073 244 1250 289 maxima,

549 300 619 337 Est
651 301 711 337 oui
742 311 877 337 nomen
908 300 946 336 iu
978 311 1124 347 aevum,

606 357 779 404 Regnum
814 361 1038 403 perpetuum
1072 357 1195 395 simul.

380 438 445 475 10.
494 436 549 473 Sit
582 437 682 483 patri
714 436 881 484 ingenito
913 436 1034 482 gloria
1064 436 1239 483 maxima,

492 493 549 530 Sit
578 497 668 530 nato
699 493 847 539 pariter
879 503 1041 529 consona
1073 493 1195 539 gloria

549 550 642 587 Cum
673 548 764 586 flatu
796 550 909 585 simul
940 550 1039 586 almo

604 607 678 643 Per
709 610 844 643 cuncta
874 606 937 652 pie
968 606 1132 646 saecula.

224 708 350 748 Hymn.
387 711 419 738 et
450 707 613 748 Sequent.
648 717 710 737 ms.
736 705 1019 737 Fredeslariense
1053 715 1142 736 saec.
1171 703 1221 737 11.
1274 705 1356 737 Cod.
1383 705 1560 736 Casselan.
1595 704 1700 735 theol.

133 753 183 784 IV
208 750 262 783 25.
288 755 326 783 A.
352 770 396 773 —
424 754 606 783 Browerus
632 763 663 793 p.
691 750 732 782 ’77
760 762 828 792 sq.:
855 751 1036 782 Diimmler
1060 752 1105 783 ΙΙ,
1132 749 1209 782 250.
1237 769 1277 772 -—
1308 750 1334 788 1,
1365 749 1380 781 1
1407 752 1568 791 promitte
1592 751 1633 781 A.
1658 767 1701 772 —

137 797 164 836 1,
192 797 214 829 4
240 799 391 829 sonitum
418 799 457 829 A.
484 815 526 819 —
554 796 586 835 4,
618 797 633 829 1
661 802 699 828 ut
724 797 877 833 inclitus,
903 797 1015 828 Brow.
1042 814 1085 817 —
1112 794 1142 829 5,
1169 794 1189 827 '2
1215 797 1278 827 hoc
1304 797 1427 827 Petrus
1453 797 1582 826 inseret
1600 797 1640 826 A.
1657 812 1702 815 —

134 842 173 881 7,
208 841 228 874 3
252 844 353 875 Absit
383 844 495 875 scelus
521 843 613 884 quod
639 853 739 874 omne
764 843 804 873 A.
829 860 873 864 —
900 841 934 879 7,
967 840 989 872 4
1014 843 1159 873 veniant
1183 843 1273 874 bona
1299 843 1338 872 A.
1365 859 1409 862 —
1435 838 1472 878 9,
1507 839 1527 872 2
1552 841 1644 872 bona
1668 845 1702 871 et

134 890 285 920 maxima
310 890 350 920 A.
377 906 422 910 ——
447 891 513 920 Str.
544 886 583 920 10
607 889 693 920 fehlt
718 889 756 919 A.

263 1033 344 1069 149.
385 1034 464 1075 (18.)
500 1033 674 1076 Hymnus
700 1033 742 1067 in
766 1033 940 1068 Laudem
966 1032 1098 1068 sancti
1123 1032 1329 1067 Bonifacii
1355 1032 1563 1075 Martyris.

267 1130 302 1167 1.
335 1129 472 1164 Inclita
504 1131 718 1163 sanctorum
753 1137 835 1163 cum
867 1127 991 1175 gloria
1023 1128 1158 1164 crescit
1189 1127 1341 1173 ubique.

392 1185 440 1221 Et
474 1184 647 1220 meritum
681 1184 863 1230 splendor
894 1182 1015 1230 fulget
1044 1184 1083 1220 in
1115 1183 1206 1220 orbe
1237 1183 1320 1221 5011.

335 1242 429 1278 Asia
461 1239 675 1287 magnificat
709 1240 901 1287 Iacobum,
934 1241 1103 1277 Ausonia
1135 1250 1281 1287 quoque
1312 1241 1465 1277 Petrum

393 1299 672 1343 loliannemque
705 1297 893 1343 Ephesus,
927 1297 1061 1334 Africa
1095 1297 1338 1344 Cyprianum.

263 1379 284 1415 10

293 1408 301 1416 .
335 1377 418 1414 Non
453 1374 575 1413 minus
607 1377 779 1413 exaltans
812 1376 979 1413 celebrat
1013 1376 1216 1413 Germania
1248 1377 1379 1414 laudes

389 1434 437 1471 Et
472 1431 660 1470 Bonifacii
691 1444 785 1479 opus
814 1433 994 1479 martyris
1025 1432 1240 1471 almificum.

334 1491 497 1528 Ordiuat
529 1491 625 1526 hunc
657 1490 787 1533 Roma,
822 1490 1013 1537 mittitque
1044 1490 1244 1526 Britannia
1275 1494 1397 1526 mater

391 1547 594 1584 Ductorem
624 1547 776 1593 populis
805 1547 876 1583 hoc
908 1547 1022 1583 decus
1055 1547 1250 1585 ecelesia-e.

263 1628 300 1664 3.
334 1625 554 1662 Pontificem
585 1637 782 1671 summum,
815 1626 1006 1673 signorum
1039 1625 1195 1662 fulmine
1227 1626 1384 1671 clarum,

388 1683 549 1729 Eloquio
582 1683 755 1726 nitidum,
790 1683 957 1718 moribus
990 1682 1193 1728 egregium,

337 1740 459 1776 Tanta
490 1739 726 1785 prophetalis
759 1750 866 1785 quem
899 1739 1020 1785 gratia
1054 1737 1163 1775 fulcit
1195 1738 1360 1788 honoris,

392 1796 559 1832 Ventura
590 1800 631 1831 ut
664 1796 780 1832 multa
813 1796 1061 1842 retuleritque
1092 1807 1201 1844 nova,

263 1878 300 1913 4.
334 1875 449 1920 Quem
481 1875 652 1911 Francus
685 1873 877 1921 Fresoque
908 1875 1018 1910 simul
1051 1874 1224 1921 Saxoque
1255 1874 1468 1910 ministrum

390 1935 580 1969 Aeternae
613 1932 714 1968 vitae
745 1932 942 1977 praedicat
975 1942 1056 1967 esse
1088 1931 1173 1977 sibi,

332 1989 563 2034 Quamquam
596 1988 804 2025 Fresonum
837 1999 938 2035 gens,
970 1988 1138 2024 moribus
1170 1987 1284 2024 effera
1315 1999 1480 2036 semper,

389 2045 574 2091 Martyris
607 2056 694 2090 ergo
726 2056 857 2081 manus
889 2045 1069 2092 sanguine
1102 2044 1293 2091 polluerit.

265 2128 301 2163 5.
335 2124 535 2161 Praedixit
567 2124 707 2162 Christi
739 2125 805 2161 sed
839 2135 911 2162 vox
944 2125 1151 2172 verissima,
1186 2125 1286 2170 quod
1318 2135 1416 2160 nunc

392 2181 570 2218 Cernitur
599 2181 794 2226 impletum
828 2181 999 2227 pluribus
1033 2192 1115 2217 esse
1146 2182 1260 2218 locis:

336 2237 442 2283 Quod
474 2243 576 2273 terra
608 2239 779 2282 moritur,
813 2236 1042 2274 frumentum
1074 2238 1238 2284 plurima
1270 2236 1418 2274 confert

397 2294 548 2332 Semina
579 2292 817 2340 fructumque
848 2294 1103 2340 multiplicare
1134 2294 1275 2332 studet.

266 2376 302 2411 6.
336 2373 470 2418 Sicque
505 2373 714 2409 sacerdotis
745 2373 897 2410 Domini
927 2373 1135 2409 laetissima
1167 2373 1303 2409 crescit

391 2430 526 2467 Paucis
558 2440 601 2465 ex
633 2431 759 2477 granis
791 2429 1037 2476 glorificanda
1069 2440 1188 2475 seges,

336 2486 522 2535 Mortuus,
558 2497 655 2531 ecce,
689 2487 800 2523 modo
833 2487 1048 2532 vivensque,
1082 2486 1229 2523 solebat
1259 2491 1297 2522 ut
1329 2491 1429 2532 ante‚

397 2542 586 2578 Lucratur
613 2542 763 2579 Christo
792 2543 941 2590 agmina
971 2543 1188 2589 multivaga.

269 2623 304 2660 7.
338 2621 453 2668 Signa
484 2625 632 2657 movent
665 2623 836 2671 populos,
872 2626 1028 2658 cernunt
1059 2622 1247 2669 magnalia
1279 2622 1394 2668 caeci,

396 2677 678 2724 Surum-umque
709 2690 821 2715 sonus
853 2678 1006 2715 auribus
1037 2678 1120 2723 ipse
1152 2682 1269 2723 tonat,

335 2733 557 2772 Morborum
592 2733 736 2781 fugiunt
771 2736 889 2784 labes,
922 2734 1027 2770 furor
1057 2735 1193 2780 impius
1224 2735 1299 2771 atri

394 2791 596 2827 Daemonis
628 2792 777 2828 absistit
806 2791 984 2839 martyris
1015 2801 1060 2827 ex
1091 2791 1281 2837 precibus,
