1785 3111
76 1024 100 1060 0³

76 1295 96 1331 xl

49 2114 111 2152 10.

47 2381 113 2420 11.

662 88 973 129 -101-

108 231 116 238 .
150 202 316 241 Prima
346 206 551 240 creator
589 203 786 240 saeculi

152 259 227 296 Die
257 259 435 296 tenebras
467 258 634 307 effugans

152 316 273 363 Aquis
304 316 430 354 adhuc
459 315 721 353 absconditum

153 372 357 420 Lampavit
386 372 517 410 orbem
548 373 702 412 lumine.

115 505 122 513 .
155 474 270 512 Lucis
301 474 414 512 beata
443 475 593 522 gaudiis

153 532 291 569 Mundi
321 532 485 578 replevit
515 532 658 569 incolas

147 589 285 626 Aetate
314 600 401 626 mox
432 589 642 627 altissimus

148 645 314 683 Prima
347 650 549 683 creator
570 646 780 684 saeculi.

148 749 368 786 Locatur
398 749 536 785 inter
567 748 778 785 caerula

145 805 218 843 Die
248 805 414 843 secunda
444 805 630 842 maximus

150 862 231 900 Poli
262 862 408 910 globus,
442 862 638 908 divisaque
668 866 725 898 est

147 919 346 966 Utrimque
375 919 532 966 lympha
561 918 702 957 labilis.

107 1052 114 1059 .
149 1021 275 1059 Primo
305 1021 495 1058 secundae
524 1025 696 1067 tempore

146 1078 295 1115 Aetatis
327 1088 416 1115 arca
446 1078 608 1125 mystica

148 1135 249 1171 Hinc
278 1135 369 1172 inde
399 1135 664 1172 concurrentia

145 1192 371 1229 Locatur
397 1191 536 1228 inter
558 1191 777 1230 caerula.

106 1294 372 1331 *Lucente
403 1294 566 1331 saecli
597 1293 760 1331 tertia

144 1351 217 1388 Die
246 1349 366 1388 fluens
397 1350 466 1388 sub
497 1351 651 1388 aethere

152 1407 324 1454 Abyssus
355 1408 434 1445 alta
461 1407 645 1456 subsidet,

147 1465 358 1512 Virensque
389 1469 498 1512 paret
530 1465 651 1502 arida.

104 1597 111 1604 .
144 1567 300 1605 Electra
331 1567 458 1614 proles
488 1567 669 1605 Abrahae

146 1624 204 1661 De
234 1623 469 1671 perfidorum
500 1623 678 1661 fluctibus

145 1682 285 1718 Aetate
315 1680 454 1718 florens
482 1681 620 1718 claruit

146 1739 371 1776 Lucente
408 1739 570 1776 saecli
602 1738 774 1776 tertia.

144 1842 320 1887 Quarta
355 1840 490 1877 iubar
520 1840 780 1877 sublimium

145 1897 217 1935 Die
252 1897 438 1934 emicabat
469 1898 650 1948 siderum,

146 1954 234 1992 Solo
266 1954 427 2001 poloque
458 1954 643 2001 fulgidam

146 2011 260 2048 Lucis
293 2012 468 2049 daturum
500 2011 674 2058 gratiam.

145 2113 323 2150 Hebraea
354 2123 445 2160 gens
477 2113 664 2150 Davidico

143 2170 276 2217 Regno
307 2169 457 2207 refulsit
488 2170 621 2207 inclita

143 2228 283 2264 Aetate
314 2227 486 2274 pandens
518 2232 669 2264 actuum

145 2284 319 2330 Quarta
347 2283 480 2321 iubar
501 2284 777 2323 sublimium.

147 2381 318 2418 Novum
335 2391 474 2428 genus
492 2381 793 2428 progignitur

145 2438 284 2483 Quinta
316 2438 377 2474 die
409 2438 456 2475 de
487 2438 656 2484 limpidis

146 2494 318 2531 Nascens
350 2495 456 2541 aquis
485 2496 697 2532 natantium

146 2552 438 2598 Volantiumque
469 2552 537 2588 sub
568 2552 668 2598 p010.

108 2677 115 2685 .
147 2648 286 2685 Aetate
316 2649 447 2694 quinta
477 2649 516 2685 in
545 2648 716 2686 Chaldea

146 2705 308 2741 Poenam
339 2706 466 2742 luente
496 2705 614 2742 iudea

146 2760 335 2798 Fidelium
370 2762 416 2798 de
450 2762 608 2809 perfidis

146 2817 319 2855 Novum
341 2829 484 2866 genus
501 2819 810 2871 progignitur.

874 477 938 514 14.

867 749 932 788 15.

869 1021 934 1061 16.

867 1294 931 1332 17.

868 1569 932 1606 18.

872 1842 935 1879 19.

865 2115 930 2153 20.

868 2650 934 2688 22.

875 204 938 242 13.
973 204 1109 242 Sexta
1146 206 1329 239 creatus
1368 207 1435 239 est
1475 202 1603 240 homo

971 259 1054 308 Die,
1088 259 1271 296 creatoris
1302 259 1359 295 sui

970 317 1176 364 Imaginem
1208 316 1271 363 qui
1303 314 1526 362 praeferens

971 373 1129 420 Semper
1158 373 1291 410 beatus
1323 373 1480 411 viveret.

972 475 1145 512 Summus
1178 479 1326 512 creator
1356 475 1533 521 omnium,

971 533 1045 570 Per
1076 543 1183 578 quem
1218 536 1368 568 creatus
1400 537 1455 569 est
1478 532 1600 579 homo,

969 589 1107 626 Aetate
1139 588 1238 625 filius
1269 589 1339 626 Dei

968 646 1121 683 Sexta
1151 650 1332 682 creatus
1363 650 1431 682 est
1453 645 1601 683 homo.

966 747 1305 786 Obdormiente
1348 746 1603 794 splendida

963 805 1182 841 Plasmatur
1212 804 1322 841 Adae
1355 803 1507 848 femina,

965 862 1015 899 Os
1045 861 1148 898 illius
1180 872 1225 898 ex
1258 860 1420 907 ossibus,

960 918 1018 955 De
1050 929 1163 955 carne
1195 928 1348 955 carnem
1380 917 1569 957 obtinens,

969 1021 1027 1058 De
1060 1031 1174 1057 carne
1206 1020 1357 1058 Christo
1389 1020 1548 1067 propria

964 1078 1015 1114 Et
1047 1077 1240 1124 sanguinis
1271 1077 1452 1124 mysterio

965 1136 1044 1172 Iam
1075 1145 1215 1182 sponsa
1237 1138 1326 1171 nata
1350 1138 1406 1170 est
1427 1134 1465 1170 in
1488 1145 1603 1171 cruce

965 1191 1300 1229 obdormiente
1329 1191 1600 1238 splendida.

965 1294 1077 1331 Post
1100 1293 1230 1330 facta
1250 1293 1374 1330 celsa
1390 1293 1604 1331 conditor

965 1350 1038 1387 Die
1068 1351 1267 1398 quiescens
1298 1349 1460 1396 septima

964 1408 1059 1444 Eam
1092 1408 1219 1444 vocari
1250 1407 1287 1443 in
1322 1407 1474 1444 saecula

966 1464 1017 1501 Et
1048 1475 1130 1501 esse
1160 1464 1272 1501 iussit
1302 1463 1514 1502 sabbatum.

967 1568 1085 1604 Aetas
1116 1567 1253 1614 quietis
1285 1567 1446 1614 septima

966 1626 1070 1662 Bene
1103 1622 1303 1661 defunctos
1335 1624 1490 1670 excipit,

967 1681 1048 1726 Qua
1079 1680 1294 1718 sabbatizat
1327 1691 1408 1717 cum
1442 1680 1519 1717 suis

962 1736 1212 1775 Postfacta
1229 1739 1356 1775 celsa
1373 1737 1600 1775 conditor.

969 1841 1112 1878 Octava
1144 1843 1263 1877 restat
1296 1840 1433 1877 ceteris

966 1897 1169 1934 Aetatibus
1202 1896 1412 1946 sublimior,

967 1954 1059 1992 Cum
1093 1954 1234 1993 mortui
1267 1954 1313 1990 de
1344 1954 1506 2001 pristino

965 2011 1108 2048 Terrae
1140 2015 1339 2058 resurgent
1369 2021 1520 2058 aggere.

962 2114 1191 2160 Vultumque
1224 2113 1367 2151 Christi
1408 2113 1600 2160 perpetim

966 2170 1060 2207 Iusti
1093 2175 1248 2207 cernent
1278 2170 1481 2207 amabilem

964 2228 1163 2274 Eruntque
1195 2228 1292 2264 sicut
1323 2228 1444 2274 angeli

965 2285 1132 2322 Caelesti
1162 2285 1201 2321 in
1233 2295 1322 2321 arce
1354 2282 1502 2331 fulgidi.

927 2413 933 2420 .
967 2381 1076 2418 Hanc
1106 2381 1155 2418 ad
1186 2392 1226 2418 se
1257 2381 1359 2419 vitae
1390 2382 1562 2420 semitam

964 2430 1141 2476 Ostendit
1173 2438 1255 2486 ipse
1286 2438 1464 2487 praevius

963 2495 1019 2532 De
1051 2499 1172 2532 matre
1203 2499 1314 2532 natus
1346 2495 1493 2543 virgine

962 2552 1065 2589 Deus
1098 2553 1244 2599 Deique
1276 2551 1388 2591 filius,

968 2649 1064 2686 Nam
1084 2654 1203 2685 morte
1220 2654 1380 2686 mortem
1400 2649 1598 2685 destruens

968 2706 1084 2743 Sexta
1115 2706 1262 2753 subegit
1296 2705 1459 2754 sabbati,

967 2763 1118 2808 Quievit
1149 2767 1183 2799 et
1215 2764 1254 2799 in
1286 2762 1443 2799 sabbato

968 2820 1010 2856 In
1043 2819 1157 2856 corde
1188 2823 1313 2856 terrae
1345 2818 1533 2857 conditus,
