1785 3111
710 66 991 106 —33-

394 183 431 220 3.
494 181 700 218 Curriculis
731 181 853 217 tribus
886 184 997 226 atque
1028 189 1160 215 novem

493 238 587 275 Tres
618 237 758 274 hiemes
790 242 924 284 quater
954 237 1145 286 attigerat,

493 294 584 332 Cum
616 294 828 341 crepitante
860 305 955 341 pyra
986 293 1156 339 trepidos

493 351 647 388 Terruit
676 362 813 398 aspera
844 349 1052 399 carnifices,

493 408 729 455 Supplicium
761 408 834 445 sibi
863 407 974 445 dulce
1005 410 1101 445 rata.

393 522 432 563 4.
494 523 574 560 Iam
608 522 768 559 dederat
799 521 902 567 prius
934 520 1127 569 indicium,

495 579 669 616 Tendere
701 589 740 615 se
771 578 892 625 patris
923 577 972 613 ad
1003 576 1137 613 solium

493 636 574 673 Nec
604 646 672 673 sua
702 635 871 672 membra
903 633 1029 670 dicata
1059 633 1184 681 thoro,

494 694 583 741 Ipsa
615 692 824 739 crepundia
855 690 1075 738 reppulerat

491 750 644 787 Ludere
675 748 802 786 nescia
833 747 995 794 pusiola.

399 865 434 901 5.
496 863 558 900 Sic
590 863 808 900 venerarier
837 873 923 899 ossa
953 861 1047 898 libet

493 920 650 958 Ossibus
681 920 780 957 altar
811 923 845 956 et
877 918 1116 965 impositum;

496 977 567 1014 Illa
600 976 671 1014 Dei
702 977 776 1013 sita
806 976 875 1013 sub
909 975 1070 1023 pedibus

495 1033 683 1081 Prospicit
714 1034 808 1070 haec
840 1033 1074 1080 populosque
1106 1041 1193 1068 suos

499 1089 674 1127 Carmine
703 1090 912 1139 propitiata
944 1088 1059 1126 fovet.

397 1206 434 1242 6.
496 1203 628 1241 Gloria
660 1215 743 1241 cum
775 1208 884 1251 patre
914 1203 963 1240 sit
993 1202 1120 1250 genito

495 1260 728 1308 Spirituique
759 1261 920 1308 proinde
952 1270 1074 1305 sacro,

494 1317 605 1355 Nunc
636 1318 739 1355 Deus
769 1329 865 1355 unus
896 1322 931 1354 et
963 1316 1201 1362 omnipotens

495 1374 604 1412 Hanc
635 1386 842 1412 memorum
874 1373 992 1411 faciat
1023 1383 1239 1419 memorem7

495 1432 565 1478 Qui
598 1432 792 1469 celebrare
824 1442 989 1478 superna
1020 1430 1154 1467 solent.

164 1552 264 1585 Brev.
299 1565 360 1585 mS.
396 1554 430 1586 S.
466 1556 588 1587 Savini
620 1558 657 1587 in
692 1557 880 1587 Levitania
913 1566 1001 1587 saec.
1036 1553 1088 1586 14.
1138 1553 1221 1586 Cod.
1252 1552 1416 1585 Tolosan.
1452 1548 1504 1582 ΤΟ.
1530 1549 1571 1580 Α.
1596 1565 1640 1572 -

71 1598 172 1630 Brev.
205 1607 268 1630 ms.
301 1599 333 1631 S.
365 1601 517 1632 Victoris
549 1602 744 1633 Massilien.
781 1602 863 1632 anni
901 1599 1282 1636 1497.(P1·ivatbesitzt
1314 1598 1352 1628 B.
1384 1614 1427 1618 —-
1461 1594 1492 1635 5,
1529 1593 1544 1626 1
1582 1595 1641 1627 Sic

70 1645 231 1675 venerari
256 1647 290 1676 et
315 1655 395 1677 ossa
418 1647 458 1678 B.
484 1664 528 1668 —
551 1645 582 1685 5,
609 1646 628 1678 2
653 1647 763 1678 altare
788 1648 990 1688 impositum
1016 1647 1056 1679 A.
1082 1664 1123 1668 —
1150 1643 1180 1684 5⁷
1209 1642 1228 1675 5
1255 1644 1419 1676 Carmina
1445 1642 1485 1672 A·
1515 1659 1556 1663 -
1576 1641 1644 1672 Die

72 1688 269 1731 Doxologie
294 1700 356 1722 aus
382 1691 458 1723 dem
483 1692 802 1734 Agatha-Hymnus
828 1693 929 1724 Anal.
957 1693 1001 1731 ΙΙ,
1030 1690 1105 1724 100.

513 1850 572 1886 33.
607 1850 688 1892 (12.)
724 1852 782 1885 De
808 1850 950 1886 sancto
977 1848 1214 1884 Laurentio.

372 1929 580 1974 (Peristeph.
606 1933 651 1971 ΙΙ,
681 1930 733 1970 18,
757 1930 834 1971 397,
860 1929 944 1971 398,
970 1928 1122 1971 21-32;
1150 1928 1226 1967 549,
1252 1926 1340 1969 550).

92 2032 128 2072 1.
161 2032 233 2078 En,
266 2035 446 2082 martyris
477 2035 675 2073 Laurentii
907 2037 946 2075 4.
978 2036 1164 2072 Extrema
1194 2044 1267 2071 vox
1299 2030 1470 2079 episcopi

159 2089 320 2128 Armata
350 2092 535 2139 pugnavit
564 2092 673 2139 fides,

160 2146 364 2194 Postquam
395 2160 516 2196 vapor
546 2150 714 2186 diutinus

159 2202 327 2241 Excoxit
357 2210 528 2242 exustum
560 2207 671 2246 latus.

89 2327 126 2366 2.
158 2326 259 2365 Fore
289 2329 360 2366 hoc
391 2331 570 2368 sacerdos
605 2332 753 2369 dixerat
909 2334 946 2370 5.

159 2384 238 2421 Iam
267 2385 402 2423 xistus
434 2386 572 2425 affixus
607 2389 710 2425 cruci

158 2440 404 2480 Laurentium
435 2443 586 2482 flentem
620 2445 753 2482 videns

160 2497 293 2536 Crucis
324 2500 394 2537 sub
424 2501 508 2548 ipso
539 2503 692 2549 stipite:

94 2622 131 2658 3.
163 2621 315 2660 Desiste
347 2625 516 2663 discessu
547 2638 629 2664 meo
912 2628 948 2664 6.

160 2677 311 2716 Fletum
344 2682 517 2720 dolenter
548 2682 730 2729 fundere;

162 2735 368 2788 Praecedo‚
402 2737 534 2788 frater,
577 2745 617 2777 tu
649 2751 796 2787 quoque

162 2791 253 2829 Post
285 2793 357 2830 hoc
387 2798 555 2842 sequeris
587 2797 767 2836 triduum.

139 2859 303 2895 Dreves,
330 2862 534 2891 Lateinisehe
555 2865 845 2899 Hymnendiehter.
883 2864 925 2891 11.

980 2090 1288 2129 Praenuntiatrix
1319 2088 1463 2136 gloriae

980 2148 1085 2185 Nihil
1119 2146 1269 2193 fefellit,
1302 2156 1388 2183 nam
1422 2144 1502 2181 dies

980 2205 1183 2244 Praedicta
1214 2203 1379 2251 palmam
1411 2199 1617 2248 praestitit.

978 2331 1090 2376 Hinc,
1124 2333 1253 2367 sancte
1284 2326 1480 2375 Laurenti,
1513 2329 1616 2363 tuam

978 2388 1058 2425 Nos
1090 2387 1303 2434 passionem
1335 2384 1506 2431 colimus,

978 2445 1085 2490 Quod
1103 2444 1261 2490 quisque
1278 2441 1439 2488 supplex
1452 2439 1637 2488 postulat,

979 2502 1132 2539 Cunctis
1164 2499 1328 2536 favendo
1360 2507 1534 2544 proroga.

983 2626 1061 2663 Deo
1092 2624 1193 2672 patri
1224 2624 1273 2661 sit
1303 2622 1423 2670 gloria

980 2683 1148 2729 Eiusque
1178 2681 1247 2718 soli
1277 2679 1368 2725 filio,

982 2739 1072 2776 Cum
1106 2738 1243 2785 spiritu
1274 2734 1461 2784 paraclito

982 2798 1158 2842 Regnans
1196 2805 1265 2841 per
1295 2802 1403 2830 omne
1435 2788 1642 2826 saeculum.

1416 2853 1437 2886 3
