1785 3111
791 52 1101 93 —334—

495 167 688 214 Splendor
718 167 787 204 sed
819 165 984 204 famulae
1013 167 1151 213 gaudia
1183 172 1397 215 congregat,

493 224 546 262 Ut
577 234 729 261 carnem
761 222 936 270 foveant3
969 223 1109 270 pabula
1139 229 1358 272 praeparat7

398 284 448 319 25
498 280 665 317 Verbum
694 279 913 330 fruetificat,
946 281 1116 327 germina
1146 281 1302 327 colligit,

496 338 625 375 Fortis
653 337 846 374 terribiles
877 348 951 373 non
982 337 1109 374 timuit
1140 341 1242 374 rotas

493 395 544 432 Et
575 400 734 430 mortem
766 395 923 440 patitur,
955 404 1003 429 ne
1034 393 1168 430 subeat
1199 404 1342 439 necem,

491 451 542 488 Et
573 452 632 487 lac
664 451 907 497 consequitur
938 451 1096 487 vulnera
1128 451 1345 499 candidum,

491 508 748 554 Montanoque
778 508 905 543 locant
936 507 1080 543 vertice
1112 506 1247 544 funera

397 566 448 603 30
495 565 665 602 Dextrae
696 564 931 607 caelicolum,
964 564 1047 610 quis
1080 562 1205 600 refluit
1234 564 1359 610 liquor

492 622 674 658 Reddens
707 621 896 657 debilibus
929 621 1098 657 membra
1129 621 1307 657 valentia.

255 707 474 748 Martinengo
501 705 522 736 l.
549 715 576 736 c.
606 702 667 736 191
691 715 742 746 sq.
775 721 811 725 —
837 702 856 735 S
875 704 1070 736 Caterinae.
1088 721 1133 727 -—
1153 704 1253 744 „Alia
1279 704 1344 735 oda
1368 705 1404 734 in
1430 704 1540 745 ipsius
1557 703 1731 736 laudem&

596 851 677 885 260.
715 852 772 892 (6.)
809 851 866 884 De
893 851 1035 885 sancta
1060 849 1306 884 Katharina.

495 945 619 982 Multa
651 955 718 981 nos
751 945 849 991 cogit
881 945 1030 981 bonitas
1061 944 1212 991 puellae

497 1001 653 1038 Cantieo
685 1001 817 1038 laudes
848 1002 994 1048 agitare
1025 1007 1169 1048 nostro,

496 1059 623 1095 Pauca
655 1058 742 1094 dum
774 1058 932 1105 spernit⁷
966 1058 1038 1094 sibi
1070 1068 1166 1104 quae
1197 1065 1375 1104 parentes

498 1115 719 1162 Liquerant,
752 1115 881 1151 multis
913 1115 1049 1161 opibus
1081 1113 1245 1154 fovetur,

430 1175 451 1210 5
500 1172 660 1218 Sceptra
693 1172 779 1208 duni
813 1172 913 1219 regis
943 1170 1090 1218 fragilis
1125 1172 1290 1219 reliquit⁷

497 1229 587 1266 Alta
620 1228 765 1265 dotavit
797 1228 970 1264 iuvenem
1003 1238 1154 1267 corona.

499 1286 670 1322 Plurima
702 1284 807 1321 fulsit
841 1285 1047 1322 Catharina
1080 1283 1214 1330 forma,

499 1343 573 1380 Sed
606 1343 726 1389 magis
758 1342 956 1388 pulchram
989 1352 1189 1378 numerosa
1221 1343 1340 1379 virtus

498 1399 683 1436 Reddidit
715 1400 849 1435 sumini
881 1399 1092 1445 meruitque
1123 1399 1244 1445 patris·

402 1457 452 1494 10
501 1456 621 1494 Unico
654 1456 757 1502 iungi
785 1456 958 1502 speciosa
990 1462 1090 1493 nato.

497 1513 591 1550 Eius
622 1513 801 1559 amplexu
829 1513 983 1559 cupiens
1016 1511 1150 1557 foveri,

498 1570 618 1606 Terra
650 1570 750 1616 quod
783 1574 911 1616 posset
943 1570 1046 1616 dare,
1079 1580 1151 1606 non
1186 1569 1329 1615 cupivit

501 1627 729 1673 Prosperum
760 1627 964 1673 quidquam
996 1627 1093 1662 mala
1128 1637 1197 1662 nec
1228 1624 1381 1673 refugit.

501 1683 612 1720 Unde
644 1694 713 1719 nee
744 1684 895 1729 praesul
928 1684 1050 1729 potuit
1081 1683 1218 1719 minaci

408 1741 457 1778 15
508 1740 642 1776 Pectus
674 1740 777 1776 illius
809 1751 1003 1776 removere
1037 1740 1140 1776 vultu

501 1796 592 1833 Eius
626 1802 661 1832 et
692 1797 838 1843 sprevit
870 1797 1021 1843 placitis
1054 1796 1196 1835 favere.

500 1853 690 1889 Monstrat
723 1859 856 1899 arguto
887 1853 1044 1890 rationis
1075 1858 1175 1902 actu,

501 1914 605 1955 Quae
637 1909 748 1946 tidem
782 1910 956 1958 lustrent,
990 1910 1143 1946 senibus
1175 1909 1336 1959 togatis3

502 1966 613 2014 Vicit,
646 1971 683 2002 et.
717 1967 825 2003 victis
858 1967 1001 2013 placuit
1033 1967 1201 2014 subesse,

404 2024 455 2060 20
502 2023 598 2059 Fine
631 2024 717 2060 dum
751 2023 864 2060 vitain
898 2024 1058 2059 subeunt
1085 2027 1289 2061 carentem.

501 2078 682 2118 Carnifex
715 2079 815 2117 ferro
844 2081 986 2117 lacerat
1019 2081 1210 2128 tenellam,

500 2136 616 2173 Forte
647 2139 714 2174 sed
747 2142 878 2183 pectus
909 2137 1054 2184 nequiit
1087 2136 1224 2182 ferire3

500 2194 675 2232 Carceris
707 2199 832 2230 taetra
864 2194 976 2230 latuit
1009 2204 1183 2242 caverna,

504 2251 696 2296 Splendor
725 2257 784 2287 ast
815 2252 950 2287 summi
982 2252 1105 2297 patuit
1138 2250 1286 2286 decoris

405 2309 458 2345 25
506 2307 556 2343 Et
587 2308 730 2343 lucrum
765 2308 915 2344 Christo
945 2312 1056 2353 parat
1088 2308 1125 2343 in
1158 2312 1322 2344 caterva.

502 2364 579 2400 lani
611 2375 747 2400 novum
777 2364 926 2410 pondus
958 2364 1096 2400 cecidit
1127 2369 1293 2400 rotarum

499 2421 599 2456 Ante
631 2431 683 2468 se,
716 2432 862 2457 sacrum
895 2421 982 2457 tulit
1013 2426 1050 2457 et
1080 2421 1298 2467 maniplum.

501 2478 607 2513 Iussa
639 2478 704 2513 sed
738 2478 891 2514 tandein
925 2484 1037 2524 eaput
1071 2477 1272 2525 amputari,

503 2534 702 2579 Supplices
735 2534 886 2571 Christo
919 2535 1056 2581 rogitat
1090 2533 1282 2572 ferendos

404 2591 457 2627 30
510 2591 650 2626 Vulnus
683 2591 828 2627 illatum
861 2591 1012 2628 laticem
1048 2591 1111 2627 dat
1143 2591 1284 2640 albuin,

503 2646 674 2683 Caelicae
704 2647 838 2684 turbae
868 2647 1044 2694 sepelivit
1075 2658 1160 2683 ossa

501 2703 666 2746 Puritas,
699 2709 852 2740 manant
885 2704 1007 2741 oleum
1041 2704 1206 2740 salubre.

264 2788 482 2827 Martinengo
502 2787 522 2817 l.
542 2796 569 2817 c,
591 2798 621 2827 1».
642 2785 714 2818 190.
729 2805 772 2808 —
788 2787 806 2818 7
826 2789 1001 2819 Catorina.
1018 2805 1056 2809 -
1076 2787 1171 2828 „Oda
1190 2788 1224 2817 in
1239 2787 1374 2818 laudem
1390 2786 1543 2817 eiusdem
1556 2782 1735 2827 virginis.“
