1785 3111
223 227 280 266 4.,

220 498 257 535 5.

191 1858 254 1896 10.

192 2131 257 2168 11.

192 2404 256 2441 12.

192 2663 256 2701 13.

713 109 966 148 -5-

379 220 485 263 Dum
515 227 553 259 te
584 222 662 260 fida
692 228 812 270 rogat,
844 223 916 260 sibi

326 280 498 318 Clemens
529 284 571 316 ut
601 290 766 328 maneaS‚
799 280 907 326 plebs
939 280 993 317 tui
1025 280 1198 327 nominis⁷

379 338 422 374 In
452 341 503 381 te,
535 336 798 374 innascibilem
831 337 963 381 Deum,

323 394 428 443 Orat,
458 394 558 440 quod
591 398 742 430 maneat
773 394 871 430 alter
901 395 939 430 in
972 394 1107 433 altero,

374 492 500 534 Extra
533 507 643 542 quam
677 507 814 542 capere
845 500 969 542 potest

320 552 432 590 Mens
464 553 637 599 humana,
670 559 796 589 manet
827 552 926 589 filius
957 553 994 589 in
1027 558 1147 598 patre.v

377 610 541 647 Rursum
572 620 681 656 quem
713 620 828 656 penes
860 609 908 645 sit
941 614 1062 656 pater.

320 667 468 713 Dignus
498 666 561 713 qui
592 667 740 714 genitus
772 664 863 715 (est)
896 665 995 702 filius
1028 666 1065 702 in
1098 666 1231 704 Deum.

375 764 504 815 Felix,
537 769 599 814 qui
631 768 753 814 potuit
782 766 856 804 fide

321 825 396 862 Res
426 828 551 861 tanta-s
583 825 734 871 penitus
767 825 943 861 credulus
976 825 1138 872 assequi.

376 881 428 919 Ut
458 881 682 928 incorporeo
713 891 759 918 ex
790 881 871 918 Deo

322 937 520 975 Profectus
553 936 669 975 fuerit
698 938 918 986 progenitus
950 938 1035 976 Dei.

375 1035 537 1080 Grande
562 1040 764 1089 loquimur⁷
797 1045 834 1076 et
866 1040 985 1077 Deum

320 1097 461 1134 Verum
491 1102 532 1133 ut
564 1097 723 1145 genitor,
757 1097 943 1143 quidquid
975 1098 1072 1134 inest
1105 1097 1178 1134 sibi

375 1151 569 1192 Aeternae
601 1155 716 1191 decus
749 1154 905 1201 gloriae,

318 1211 455 1249 Totum
486 1211 525 1247 in
556 1211 788 1258 unigenitum
821 1210 985 1248 ediderit
1018 1211 1153 1250 Deum.

374 1309 481 1351 Hinc
511 1324 608 1349 unus
640 1313 775 1349 merito
806 1312 926 1350 bonus

319 1370 460 1416 Ipsum,
495 1370 594 1417 quod
627 1369 731 1407 Deus
763 1374 832 1418 est,
865 1375 976 1407 extra
1006 1370 1190 1408 invidiam
1222 1370 1279 1407 sui

377 1426 491 1473 Gigni
522 1427 638 1463 vellet
667 1426 706 1464 in
737 1427 912 1473 alterum,

319 1481 611 1520 Transformans
643 1494 695 1530 se,
728 1488 769 1520 ut
800 1489 868 1532 est,
902 1484 1025 1521 vivam
1057 1485 1094 1521 in
1126 1484 1340 1531 imaginem.

372 1581 469 1623 Istis
501 1596 591 1622 vera
622 1590 727 1632 patet
757 1586 828 1623 Dei

319 1641 464 1686 Virtus,
497 1653 580 1679 cum
613 1642 763 1679 dederit
794 1643 932 1689 omnia,
965 1654 1040 1680 non
1072 1646 1198 1679 tamen

376 1699 486 1749 Ipsis,
520 1710 616 1746 quae
648 1699 810 1747 dederit,
844 1704 960 1747 caret,

319 1754 473 1803 Cuncta,
508 1767 604 1803 quae
635 1767 702 1793 sua
733 1762 833 1804 sunt7
868 1767 949 1793 cum
985 1756 1146 1806 dederit,
1182 1756 1337 1794 habens.

371 1854 483 1896 Kara
514 1859 714 1905 progenies
746 1859 829 1905 Dei,

322 1913 528 1961 Cognatum
561 1916 621 1952 eui
652 1916 700 1952 sit
730 1925 839 1952 omne
872 1916 987 1952 decus
1019 1915 1151 1965 patris,

380 1971 444 2008 Nil
476 1976 634 2009 naturae
665 1973 765 2019 eguit
800 1973 894 2017 dari,

319 2028 394 2065 Sed
425 2033 555 2065 natum
587 2030 697 2066 simul
730 2034 798 2076 est⁷
830 2029 1015 2076 quidquid
1047 2036 1126 2066 erat
1161 2029 1242 2067 Dei.

374 2127 523 2169 Lumen
555 2129 661 2168 fulsit
691 2143 713 2168 a
743 2131 884 2168 lumine

321 2187 499 2234 Deusque
531 2199 641 2224 verus
673 2188 843 2225 substitit
874 2199 920 2225 ex
951 2188 1033 2224 Deo

377 2244 490 2291 Vero,
522 2256 594 2282 non
627 2245 730 2282 aliud
763 2245 905 2281 habens

321 2301 434 2339 Ortus
464 2301 627 2349 unigena
658 2313 767 2348 quam
799 2301 1037 2338 innascibilis
1068 2308 1189 2348 pater.

373 2399 516 2441 Mirum
547 2403 617 2440 hoc
648 2414 742 2450 opus
774 2408 829 2439 est
862 2403 946 2444 Dei,

321 2461 510 2496 Aeternus
541 2464 583 2496 ut
613 2460 915 2506 incorruptibilis
949 2460 1064 2497 Deus.

377 2516 472 2554 Ortu
503 2517 565 2563 qui
598 2522 738 2563 careat7
768 2517 855 2563 quia

321 2573 380 2611 Sit
409 2574 645 2619 sempiterna
676 2574 807 2612 virtus,
841 2574 942 2620 quod
974 2579 1029 2610 est
1061 2574 1175 2614 Deus,

373 2659 458 2702 Non
490 2664 589 2700 natis
621 2664 755 2710 quibus
786 2662 879 2714 (est)
911 2665 950 2700 in
981 2664 1088 2701 bonis

320 2719 381 2757 Ex
413 2730 495 2756 sese
526 2721 701 2767 placidus
732 2721 903 2767 gigneret
934 2721 972 2757 in
1004 2721 1138 2764 Deum,

378 2777 521 2824 Aesic
553 2778 591 2813 in
621 2778 783 2824 unigena
814 2778 895 2814 Deo

322 2832 406 2869 Hoc
436 2833 550 2879 ipsud
582 2839 680 2883 ortu5
713 2835 812 2880 quod
845 2834 1011 2883 genitum
1044 2839 1112 2880 est,
1147 2840 1262 2872 caret.
