1785 3111
141 155 206 192 21.

146 754 210 791 22.

151 1297 217 1333 23.

155 1828 220 1866 24.

152 2360 220 2397 25.

772 36 1082 77 -654-

254 153 483 201 Flentes,
502 152 586 200 heu,
606 162 718 198 super
737 150 890 189 flumina
961 153 1027 190 26.
1074 151 1188 197 Eia,
1222 151 1374 189 domina
1404 151 1497 199 spei,

312 208 487 246 Civitatis
519 208 727 256 Babylonis
1131 208 1212 245 Tua
1242 219 1309 245 nos
1341 208 1461 255 erigat
1492 208 1612 258 laeva,

255 265 365 312 Elegi
397 264 528 302 damus
561 265 729 302 carmina
1074 264 1254 301 Accende
1285 265 1410 302 lumen
1442 263 1533 302 fidei

310 321 571 359 Recordantes
601 321 757 358 visionis
916 355 919 357 .
1135 321 1227 359 Cum
1259 322 1418 359 caritate
1450 331 1609 370 coaeva,

312 378 402 415 Sion
433 378 533 415 altae
564 378 781 425 mansionis,
1133 378 1230 415 Nam
1271 377 1441 425 infestat,
1483 377 1569 427 heu,
1615 388 1715 415 mors

254 436 333 482 Qua
363 434 529 481 gaudent
561 435 654 472 caeli
686 435 837 482 agmina
1442 445 1556 472 saeva

311 492 404 530 Cum
435 491 566 528 mundi
596 491 705 528 huius
735 491 890 537 colonis,
1077 491 1168 540 Nos,
1200 490 1299 528 filios
1330 491 1410 529 irae
1440 491 1537 538 Dei,

255 547 330 585 Sua
361 548 423 594 qui
455 546 591 584 flerunt
624 549 792 588 crimina.
1134 549 1218 585 Hoc
1251 548 1352 585 virus
1385 548 1556 595 porrexit
1591 547 1675 586 Eva

1072 605 1194 650 Adae,
1228 605 1331 642 unde
1362 615 1491 641 sumus
1523 605 1590 643 rei.

257 752 311 789 In
342 751 473 788 mundi
503 751 611 788 huius
643 762 803 799 vespera
965 753 1032 791 27.
1080 752 1212 799 Ergo
1244 751 1340 802 veni,
1374 752 1558 799 accelera,

314 809 368 845 Te
399 819 599 854 precamur
629 809 802 859 sollicite,
1135 808 1302 855 Accede,
1338 808 1464 846 datrix
1495 817 1707 857 munerum,

257 864 336 902 Fac
366 876 433 901 nos
465 866 569 911 sequi
600 865 749 913 itinera,
1078 866 1179 903 Nato
1212 865 1357 912 regenti
1388 865 1545 902 aethera

315 923 389 959 Per
417 932 511 967 quae
533 923 731 958 tendamus
753 921 893 968 debite,
1138 924 1235 960 Vota
1266 922 1418 969 porrige
1449 931 1671 968 pauperum,

315 979 369 1017 Ut
399 979 551 1015 tandem
585 984 687 1014 recto
718 979 872 1016 tramite
1134 979 1361 1026 Imperatori
1392 989 1573 1024 superum

261 1035 331 1071 Per
362 1034 580 1071 meritorum
612 1045 729 1081 opera
1078 1037 1301 1074 Praesentet
1332 1042 1396 1073 tua
1429 1035 1604 1081 dextera,

317 1092 503 1137 Queamus
534 1091 674 1128 habere
706 1092 778 1129 rite
1137 1093 1189 1131 Ut
1220 1092 1354 1129 merita
1385 1092 1447 1128 (let
1483 1101 1640 1138 operum

260 1149 428 1185 Acterna
459 1148 600 1186 Christi
631 1159 798 1186 munera.
1081 1148 1316 1195 Abstergens
1347 1152 1478 1185 nostra
1509 1149 1671 1186 scelera.

265 1295 367 1332 Hac
399 1295 445 1331 de
477 1306 589 1332 causa
619 1307 747 1333 sumus
777 1296 870 1343 nati,
971 1297 1037 1335 28.
1085 1296 1350 1333 Advocata
1380 1295 1547 1342 propitia

320 1352 404 1389 Hoc
434 1356 603 1389 nostrum
636 1353 878 1400 desiderium,
1142 1353 1372 1391 Cunctorum
1404 1352 1465 1388 hic
1493 1351 1720 1400 degentium,

262 1410 306 1446 In
339 1409 438 1446 hanc
467 1409 589 1445 lucem
621 1410 772 1446 educati
1083 1409 1187 1447 Audi
1218 1412 1317 1455 vota,
1350 1412 1471 1445 mater
1501 1408 1576 1458 pia,

322 1466 381 1502 Ad
424 1465 638 1502 habendum
670 1466 899 1503 consortium
1141 1467 1185 1504 In
1226 1470 1263 1503 te
1305 1476 1454 1512 semper
1485 1463 1720 1512 sperantium

321 1523 550 1560 Cunctorum
583 1523 677 1559 caeli
710 1523 869 1572 civium,
1142 1523 1337 1569 Nobisque
1368 1521 1428 1559 fac
1459 1521 1667 1568 propitium

262 1580 341 1617 Fac
373 1579 499 1626 igitur,
533 1579 648 1616 simus
679 1580 777 1626 grati
1085 1579 1225 1616 Natum
1256 1582 1321 1617 tua
1353 1579 1568 1627 clementia,

320 1636 401 1672 Deo
432 1636 533 1682 patri
564 1647 633 1683 per
664 1635 793 1684 filium,
1141 1636 1210 1683 Qui
1242 1647 1282 1673 se
1314 1636 1458 1673 donans
1489 1635 1527 1671 in
1556 1634 1721 1681 pretium

263 1689 333 1738 Qui
366 1693 483 1729 voluit
514 1692 560 1729 ob
592 1693 663 1729 hoc
696 1693 788 1740 pati.
1084 1693 1175 1730 Alta
1206 1692 1381 1740 promisit
1412 1691 1562 1739 gaudia.

267 1827 608 1864 Lacrimarum
643 1829 763 1865 dulcis
791 1833 902 1875 potus
974 1830 1039 1867 29.
1087 1828 1276 1866 Nostra
1318 1833 1359 1865 tu
1390 1839 1429 1865 es
1461 1828 1559 1865 bona
1588 1830 1724 1876 mater,

319 1884 425 1921 Assit
457 1895 540 1921 meo
571 1885 677 1921 cordi
709 1896 810 1933 vere,
1144 1886 1222 1922 Nos
1254 1896 1400 1932 quoque
1431 1885 1486 1922 tui
1518 1881 1602 1930 filii,

265 1941 338 1977 Per
369 1945 406 1977 te
436 1941 537 1977 intus
568 1945 608 1977 ut
643 1946 847 1978 commotus
1088 1942 1210 1979 Natus
1242 1947 1326 1979 tuus
1358 1945 1487 1978 noster
1518 1939 1659 1987 frater3

321 1999 409 2035 Mea
441 2008 573 2043 queam
606 1998 704 2035 mala
734 1997 839 2044 flere,
1145 1999 1207 2035 Ad
1239 2010 1304 2036 vos
1337 1997 1498 2045 fugimus
1531 1997 1684 2046 conscii,

319 2054 370 2090 Et
400 2065 527 2090 amore
563 2053 625 2091 fac
656 2054 805 2091 fervere
1144 2055 1239 2101 Quia
1271 2066 1343 2091 non
1376 2066 1502 2091 sumus
1531 2053 1653 2100 inscii,

269 2110 343 2159 Me,
377 2115 417 2147 ut
448 2111 517 2147 tibi
549 2111 616 2147 sim
651 2112 822 2160 devotus,
1088 2111 1207 2157 Quod,
1227 2121 1322 2157 quae
1340 2111 1463 2159 vultis,
1484 2109 1575 2147 facit
1591 2114 1721 2159 pater3

323 2169 439 2213 Quem
454 2167 645 2214 conspicio
657 2168 915 2215 siclanguere,
1144 2167 1254 2210 Date,
1287 2171 1327 2204 ut
1358 2167 1485 2204 hostes
1516 2165 1623 2213 impii

266 2223 337 2272 Da,
371 2224 494 2261 sitiam
528 2226 565 2261 in
597 2229 633 2261 te
664 2229 778 2264 totus.
1087 2223 1166 2260 Nos
1194 2235 1266 2260 non
1288 2227 1463 2270 premant
1485 2233 1603 2270 neque
1626 2226 1720 2260 ater.

265 2359 414 2395 Valle
444 2359 481 2396 in
513 2360 587 2397 ista
618 2358 736 2406 fuisti,
972 2362 1037 2399 30.
1084 2360 1212 2397 Illos
1244 2359 1405 2396 servatis
1435 2358 1585 2405 iugiter,

323 2415 434 2453 Unde
466 2416 604 2453 mundo
626 2417 690 2453 lux
714 2420 771 2453 est
792 2419 896 2464 orta,
1142 2416 1214 2462 Qui
1248 2416 1407 2462 diligunt
1436 2425 1501 2452 vos
1534 2413 1692 2462 dulcius,

265 2471 440 2509 Gloriosa
472 2476 593 2509 mater
625 2473 777 2519 Christi,
1083 2475 1162 2511 Aut
1192 2472 1349 2519 pandite
1381 2474 1482 2508 certe
1512 2470 1599 2518 iter,

321 2529 405 2565 Hac
436 2529 576 2565 lumine
607 2539 665 2565 me
698 2527 871 2566 conforta
1142 2531 1214 2567 Per
1244 2528 1346 2575 quod
1376 2527 1555 2565 incedant
1576 2526 1716 2575 tutius;

322 2585 415 2631 Tuo,
447 2595 542 2631 quae
575 2596 613 2621 es
644 2585 745 2622 vitae
775 2589 898 2637 porta,
1140 2585 1296 2622 Nullum
1329 2584 1442 2621 credo
1473 2583 1638 2627 suavius,

267 2641 499 2678 Succurrens
530 2642 668 2678 misero
699 2642 799 2679 tristi
1084 2641 1140 2680 Ob
1183 2642 1281 2688 quod
1319 2640 1368 2678 ad
1400 2650 1466 2678 vos
1497 2638 1721 2686 suppliciter

323 2697 472 2735 Gaudia
502 2699 581 2734 nati
613 2703 767 2744 reporta
1144 2699 1324 2744 Propero,
1357 2702 1398 2733 ut
1429 2696 1655 2742 quantocius

265 2754 367 2800 Filii,
403 2765 511 2801 quem
544 2755 717 2801 genuisti.
1087 2755 1244 2792 Cursum
1276 2764 1383 2801 agam
1415 2751 1596 2793 feliciter,
