1785 3111
765 61 1074 102 -488—

263 178 299 214 3.
347 176 375 212 O
408 186 514 212 mons
546 175 696 212 clausae
725 175 873 223 mentis
905 180 946 214 tu
977 176 1130 213 assidue
1151 178 1349 224 pulchram
1371 177 1504 215 faciem
1527 179 1711 225 aperuisti

147 232 184 269 in
216 232 369 279 speculo
401 231 610 269 columbae.

259 291 296 328 4.
344 288 431 325 Tu
422 299 460 324 m
481 288 667 325 absconso
688 288 844 339 latuisti,
876 260 1086 326 inebiiatus
1108 289 1225 327 odore
1246 288 1392 340 florum,
1426 301 1496 337 per
1522 291 1708 329 cancellos

145 349 360 382 sanctorum
391 344 555 382 emicans
587 345 682 385 Deo.

260 405 296 440 5.
344 401 374 439 Ο
406 401 553 438 6111111611
583 401 622 438 111
654 401 824 440 clavibus
856 402 964 450 caeli,
998 402 1098 448 quod
1129 407 1289 449 propter
1319 402 1559 451 perspicuam
1592 403 1707 442 vitam

143 459 323 495 mundum
356 458 577 504 vendidisti,
610 459 680 495 hoc
712 462 926 502 certamen,
969 459 1067 496 alme
1099 457 1292 496 confessor
1303 489 1312 510 ⁷
1345 470 1495 507 semper
1524 460 1641 498 habes
1670 461 1709 498 in

144 514 318 555 Domino.

260 574 296 610 6.
344 572 390 609 In
430 575 494 608 tua
535 571 633 608 enim
674 575 799 608 mente
840 570 924 608 fons
966 571 1073 609 vivus
1115 572 1327 610 clarissima
1369 573 1453 609 luce
1484 572 1709 620 purissimos

147 627 288 665 rivulos
320 629 452 665 eduxit
482 638 552 674 per
582 627 679 664 viam
713 628 857 666 56111115.

261 686 295 723 7.
343 685 401 722 Tu
445 696 581 731 magna
626 685 742 721 turris
781 688 869 721 ante
910 685 1031 722 altare
1073 686 1207 722 summi
1249 686 1322 722 Dei
1362 689 1398 722 et
1440 686 1549 723 huius
1590 687 1709 723 turris

143 741 290 778 culmen
322 741 558 779 obumbrasti
589 752 659 789 per
690 740 831 778 fumum
863 746 1087 780 aromatum.

261 799 298 836 8.
347 799 376 836 O
409 798 617 847 Disibode‚
659 799 696 834 in
736 802 800 834 tuo
834 798 975 835 lumine
1006 809 1076 845 per
1107 799 1282 845 exempla
1312 799 1397 845 puri
1428 799 1509 836 soni
1541 799 1709 838 membra

143 855 327 893 mirificae
359 855 483 892 laudis
515 854 726 892 aedificasti
757 855 795 891 in
829 854 973 891 duabus
1005 856 1179 902 partibus
1211 866 1279 903 per
1310 854 1429 892 filium
1462 856 1635 894 hominis.

255 914 293 950 9.
341 912 383 948 In
425 912 502 948 alto
543 916 621 948 stas
662 923 736 948 non
777 911 1003 948 erubescens
1043 917 1131 949 ante
1162 913 1283 949 Deum
1314 912 1440 950 vivum
1473 917 1510 949 et
1539 913 1708 961 protegis

143 968 258 1007 viridi
291 979 377 1005 rore
408 968 608 1005 laudantes
640 968 761 1005 Deum
792 969 865 1005 ista
897 978 1010 1005 voce:

259 1026 323 1064 10.
370 1025 400 1063 O
434 1025 554 1061 dulcis
586 1025 665 1062 vita
697 1031 733 1062 et
765 1036 785 1062 0
817 1024 928 1061 beata
959 1025 1257 1088 perseverantia,
1300 1036 1396 1072 quae
1427 1026 1466 1062 in
1497 1025 1567 1063 hoc
1598 1026 1710 1064 beato

141 1081 328 1119 Disibodo
359 1082 562 1128 gloriosum
595 1082 720 1118 lumen
751 1080 965 1118 aedificasti
995 1082 1034 1118 in
1066 1082 1219 1118 caelesti
1255 1082 1482 1119 Ieiusalem!

263 1140 326 1177 11
374 1138 484 1175 Nunc
524 1139 575 1175 sit
614 1139 695 1175 laus
739 1138 818 1175 Deo
861 1138 900 1174 in
942 1136 1064 1175 forma
1104 1138 1288 1184 pulchrae
1327 1142 1506 1205 tonsurae
1546 1139 1710 1177 viriliter

142 1199 326 1242 ope1ante

263 1254 326 1292 12.
373 1252 425 1289 Et
472 1252 625 1298 superni
672 1252 773 1289 cives
819 1251 1008 1298 gaudeant
1054 1251 1101 1288 de
1148 1251 1228 1300 his,
1275 1252 1338 1298 qui
1383 1262 1444 1289 eos
1486 1253 1557 1290 hoc
1597 1253 1708 1290 modo

142 1309 351 1347 imitantur.

461 1498 542 1533 331.
581 1500 639 1539 (δ’.)
676 1498 733 1532 De
760 1497 909 1533 Sancto
936 1497 1134 1533 Euchario
1162 1497 1394 1541 Sequentia.

260 1627 295 1665 1.
343 1627 372 1663 O
405 1626 588 1673 Euchari‚
620 1626 752 1663 inclita
784 1626 846 1663 via
877 1626 1093 1674 ambulasti,
1125 1625 1190 1662 ubi
1222 1636 1304 1662 cum
1328 1625 1406 1662 filio
1429 1624 1500 1662 Dei
1521 1625 1706 1671 mansisti,

149 1684 254 1720 illum
286 1683 478 1729 tangendo
507 1687 541 1719 et
574 1683 757 1720 miracula
788 1683 879 1730 61115,
912 1693 1007 1729 quae
1039 1681 1140 1728 fecit,
1173 1682 1351 1721 videndo,

258 1753 293 1789 2.
344 1751 401 1788 Tu
433 1761 515 1787 eum
547 1749 717 1797 perfecte
748 1751 896 1799 amasti,
931 1761 1012 1787 cum
1046 1751 1196 1787 sodales
1228 1751 1281 1787 tui
1314 1750 1488 1788 exterriti
1511 1754 1618 1788 erant
1639 1762 1709 1798 pro

142 1818 207 1855 eo,
253 1808 352 1853 quod
383 1808 550 1844 homines
583 1811 712 1855 erant,
755 1818 823 1844 1166
855 1807 1147 1854 possibilitatem
1180 1807 1372 1845 habebant
1402 1807 1501 1845 bona
1530 1806 1701 1854 perfecte

141 1864 293 1902 intueri.

259 1933 297 1969 3.
344 1931 400 1968 Tu
431 1934 556 1968 autem
586 1931 624 1967 in
657 1931 814 1968 ardente
844 1942 972 1969 amore
1004 1932 1140 1978 plenae
1173 1931 1346 1968 caritatis
1377 1932 1482 1969 illum
1511 1933 1708 1979 amplexus

142 1998 195 2037 es,
231 1999 311 2025 cum
343 1987 556 2034 manipulos
586 1991 877 2034 praeceptorum
910 1989 989 2025 eius
1021 1989 1069 2025 ad
1101 1992 1138 2024 te
1170 1989 1372 2035 collegisti.

260 2057 297 2093 4.
345 2056 374 2093 O
406 2054 585 2102 Euchari,
617 2055 729 2092 valde
760 2055 895 2092 beatus
929 2054 1046 2104 fuisti,
1081 2066 1162 2092 cum
1194 2056 1350 2092 verbum
1382 2056 1454 2093 Dei
1485 2061 1523 2093 te
1553 2057 1591 2094 in
1622 2057 1709 2104 igne

147 2112 342 2150 columbae
382 2111 539 2161 imbuit,
581 2111 645 2148 ubi
687 2116 727 2148 tu
768 2112 875 2159 quasi
914 2123 1053 2149 aurora
1083 2112 1316 2149 illuminatus
1349 2123 1387 2149 es
1419 2117 1456 2149 et
1486 2114 1541 2150 sic
1570 2112 1705 2151 funda-

145 2174 310 2206 mentum
344 2169 526 2205 ecclesiae
557 2167 782 2207 aedificasti.

259 2240 295 2274 5.
342 2237 391 2273 Et
433 2237 471 2272 in
513 2239 668 2283 pectore
712 2240 775 2274 tuo
818 2241 991 2274 coruscat
1033 2237 1136 2285 dies,
1177 2237 1214 2273 in
1257 2247 1329 2283 quo
1360 2237 1434 2274 tria
1463 2237 1708 2276 tabernacula

143 2303 261 2340 supra
291 2304 539 2330 marmoream
572 2293 783 2330 columnam
815 2297 917 2331 stant
947 2294 986 2330 in
1022 2294 1178 2332 civitate
1209 2294 1294 2332 Dei.

261 2363 297 2400 6.
344 2361 422 2398 Per
472 2372 512 2396 os
564 2365 668 2397 tuum
718 2362 879 2398 66616516
929 2362 1095 2399 ruminat
1141 2366 1248 2399 vetus
1295 2365 1331 2398 et
1381 2372 1517 2400 novum
1564 2362 1705 2411 vinum,

146 2417 323 2454 videlicet
356 2417 529 2463 poculum
561 2418 787 2455 sanctitatis.

260 2485 296 2523 7.
344 2484 419 2521 Sed
457 2490 494 2521 et
532 2485 570 2521 in
613 2490 677 2522 tua
719 2485 893 2523 doctrina
934 2487 1095 2524 ecclesia
1135 2485 1268 2523 effecta
1309 2488 1367 2522 est
1406 2485 1602 2522 rationalis
1638 2485 1702 2535 ita,

143 2541 245 2587 quod
286 2551 402 2588 supra
442 2546 587 2577 montes
632 2542 829 2589 clamavit,
872 2546 913 2580 ut
954 2544 1068 2580 colles
1111 2547 1148 2580 et
1189 2543 1291 2589 ligna
1321 2552 1361 2578 56
1393 2541 1629 2578 declinarent
1659 2551 1704 2579 ac

142 2597 330 2635 mamillas
361 2597 461 2634 illius
493 2602 681 2644 sugerent.

261 2666 298 2705 8.
346 2665 455 2702 Nunc
496 2666 535 2702 in
575 2669 640 2702 tua
681 2667 785 2704 clara
816 2677 906 2704 voce
936 2665 1053 2703 filium
1085 2666 1157 2704 Dei
1188 2677 1255 2703 ora
1285 2676 1354 2712 pro
1384 2665 1457 2702 hac
1484 2665 1616 2715 turba,
1658 2675 1704 2702 ne

147 2722 186 2758 in
218 2722 464 2759 caeremoniis
496 2722 567 2760 Dei
612 2722 785 2770 deficiat,
829 2723 896 2760 sed
937 2727 978 2760 ut
1015 2723 1145 2762 vivens
1176 2723 1434 2760 holocaustum
1466 2726 1554 2760 ante
1583 2723 1704 2760 altare

143 2778 216 2815 Dei
246 2777 323 2818 fiat.
