1785 3111
129 161 193 198 13.

131 587 195 624 14.

123 1017 189 1054 15.

128 1445 196 1483 16.

127 1874 191 1911 17.

130 2303 194 2342 18.

747 65 803 70 -
866 43 946 83 632

238 160 334 205 Ave,
366 157 484 205 virgo,
513 168 623 203 quam
654 157 693 193 in
724 157 816 194 artis

241 214 447 252 Christiani
479 213 610 250 mortis
640 213 778 250 Martis

300 271 483 307 Invocant
514 269 746 319 terroribus,

244 327 340 371 Ave,
372 326 540 373 prudens
573 330 609 362 et
645 326 813 373 cordata,

239 384 312 421 Per
343 394 453 429 quam
486 383 585 420 salus
616 381 817 430 profligata

299 439 489 477 Redditur
520 439 777 477 credentibus.

241 588 336 632 Ave,
371 586 465 622 caeli
496 586 715 634 thymiama,

239 643 352 682 Cuius
384 643 489 691 odor,
524 642 626 679 cuius
658 640 759 680 fama

295 699 447 736 Summa
478 698 567 736 ferit
598 699 738 746 sidera,

238 756 353 794 Cuius
383 766 518 792 nomen
550 766 660 792 aures
694 755 826 805 mellit,

238 813 330 851 Cum
362 813 553 858 prolatum
585 812 651 849 has
683 811 870 858 percellit,

293 869 344 906 Et
375 869 583 915 pigmentat
615 879 716 907 aera.

238 1016 333 1061 Ave‚
365 1015 470 1061 pelta
501 1020 742 1061 peccatorum

238 1072 287 1109 Et
320 1071 466 1118 asylum
498 1071 686 1118 elegorum
702 1068 749 1119 ¹),

295 1129 416 1165 Immo
447 1126 718 1173 refectorium,

237 1185 332 1229 Ave,
364 1189 495 1231 sporta
526 1195 624 1231 pane
654 1184 780 1232 plena,

239 1241 380 1279 Christi
404 1241 530 1291 ciclas,
560 1240 702 1278 Christi
723 1241 809 1278 lena
822 1238 870 1289 ²),

295 1298 438 1335 Christi
455 1298 758 1345 *dogmatorium

244 1447 339 1489 Ave,
373 1455 441 1491 per
471 1455 582 1491 quam
613 1444 806 1489 uniuntur,

238 1501 507 1548 Coniugantur,
541 1501 818 1548 coniunguntur

296 1558 481 1605 Virginali
512 1557 628 1594 fibula

238 1615 369 1661 Agnus
400 1614 472 1658 leo,
507 1615 568 1652 via
599 1613 696 1662 finis,

240 1671 430 1718 Splendor
450 1671 582 1716 nubes,
605 1681 741 1707 numen
764 1670 870 1719 cinis,

295 1727 439 1765 Radius
471 1732 505 1763 et
538 1727 687 1767 nebula.

238 1874 332 1922 Ave,
367 1872 470 1909 cuius
503 1877 558 1908 est
590 1883 635 1909 ex
666 1873 751 1910 alvo

239 1930 314 1968 Sed
345 1929 503 1978 pudoris
533 1927 625 1966 flore
657 1929 761 1966 salvo

296 1985 463 2023 Verbum
494 1985 615 2033 patris
647 1985 803 2033 editum,

240 2043 330 2080 Sine
360 2052 464 2079 mare
496 2052 637 2079 marem
669 2042 784 2088 paris,

240 2099 326 2136 Non
356 2109 426 2146 per
454 2108 606 2145 germen
638 2102 720 2136 sata
741 2098 870 2146 maris,

297 2155 372 2193 Sed
398 2165 468 2202 per
489 2159 660 2192 sanctum
682 2155 871 2201 spiritum.

239 2303 333 2350 Ave,
366 2302 485 2338 nubes
515 2306 714 2348 penetrata

240 2358 383 2395 Phoebi
413 2357 574 2395 flammis
606 2363 642 2395 et
673 2362 806 2396 ornata

295 2414 459 2451 Deitatis
485 2415 595 2463 iride,

240 2472 341 2517 Quae
372 2471 440 2507 sub
471 2471 605 2508 umbra
627 2471 746 2508 lucem
771 2471 870 2508 celas

237 2527 288 2564 Et
319 2531 512 2564 aeternum
544 2527 700 2564 verbum
734 2528 836 2565 velas

295 2583 458 2620 Nostrae
502 2584 625 2620 carnis
658 2583 870 2631 chlamyde.

244 2715 267 2757 ¹)
302 2718 359 2748 vel
384 2718 598 2748 miserorum.
625 2734 668 2739 —

236 2760 262 2800 2)
298 2764 405 2795 vestis
432 2763 615 2796 senatoria.
641 2779 685 2784 —

946 156 1009 195 19.

943 587 1010 624 20.

944 1015 1010 1053 21.

947 1445 1012 1482 22.

945 1875 1011 1914 23.

947 2304 1011 2341 24.

1056 156 1150 205 Ave,
1184 158 1315 192 vertex
1345 154 1565 200 honestatis,

1057 213 1152 259 Ave,
1184 215 1391 249 monstrum
1423 211 1646 256 sanctitatis,

1113 270 1207 316 Ave,
1241 268 1340 306 vitae
1371 267 1557 314 scatebra,

1057 326 1152 370 Ave,
1186 325 1302 371 pinna
1332 323 1524 372 puritatis,

1058 383 1153 427 Ave,
1186 381 1311 418 thoral
1340 380 1536 429 trinitatis,

1115 438 1210 483 Ave,
1241 437 1336 474 lucis
1367 437 1526 475 latebra.

1056 586 1151 631 Ave,
1184 585 1301 631 virgo,
1334 584 1407 622 Dei
1440 583 1545 628 reda,

1055 642 1128 679 Dei
1160 640 1300 692 fanum,
1332 641 1475 687 inquo
1505 640 1618 678 taeda

1115 698 1299 736 Caelestis
1330 697 1565 745 accenditur,

1057 755 1114 792 Tu
1144 755 1277 792 salutis
1309 765 1347 791 es
1378 754 1535 803 minera,

1059 811 1189 858 Clava,
1224 812 1348 858 cuspis
1380 817 1417 847 et
1447 810 1659 857 machaera,

1113 869 1193 914 Qua
1235 879 1336 905 mors
1376 877 1486 905 caesa
1516 867 1688 904 moritur.

1056 1015 1151 1062 Ave,
1169 1024 1237 1061 per
1254 1025 1363 1061 quam
1381 1017 1539 1060 surgunt
1555 1013 1607 1060 111,
1627 1013 1690 1060 qui

1056 1070 1285 1109 Cecidemnt
1317 1081 1386 1118 per
1417 1070 1562 1117 antiqui

1113 1126 1309 1173 Serpentis
1341 1127 1539 1173 astutiam,

1056 1183 1152 1230 Ave,
1176 1193 1271 1230 quae
1295 1193 1364 1230 per
1381 1187 1523 1220 castum
1539 1183 1690 1221 thorum

1057 1240 1192 1278 Carnis
1222 1240 1279 1276 ius
1312 1244 1348 1276 et
1378 1239 1585 1286 logicorum

1114 1296 1234 1334 Fallis
1267 1296 1584 1343 consequentiam.

1060 1443 1201 1481 Dicunt
1230 1444 1327 1480 enim
1359 1444 1464 1490 sequi
1495 1444 1604 1491 tales,

1060 1500 1203 1546 Quibus
1235 1498 1364 1537 favent
1394 1500 1608 1538 naturales:

1113 1557 1219 1594 Haec
1251 1561 1305 1595 est
1337 1561 1470 1606 mater,
1502 1556 1618 1602 igitur

1057 1613 1189 1651 Virum
1221 1614 1325 1651 novit
1357 1618 1393 1649 et
1424 1617 1480 1650 est
1511 1611 1633 1660 facta3

1059 1670 1134 1709 Sed
1165 1670 1291 1708 Maria
1322 1670 1467 1716 prolem
1497 1672 1610 1707 nacta

1114 1726 1229 1773 Dicit,
1271 1727 1371 1774 quod
1402 1737 1476 1763 non
1507 1726 1690 1774 sequitur.

1058 1873 1195 1911 Dicant
1227 1874 1297 1920 illi,
1329 1873 1441 1920 quod,
1475 1874 1507 1910 si
1539 1877 1642 1911 caret

1057 1930 1191 1967 Planta
1224 1940 1348 1976 succo,
1379 1940 1530 1976 semper
1559 1933 1654 1976 aret,

1115 1989 1239 2024 Arens
1270 1998 1459 2033 nunquam
1491 1986 1677 2034 pullulat3

1058 2041 1133 2079 Sed
1163 2042 1308 2079 intacta
1338 2042 1444 2090 virgo
1473 2043 1666 2080 Christum

1058 2098 1246 2136 Pariendo
1276 2099 1418 2136 nodum
1448 2099 1562 2136 istum

1115 2155 1235 2192 Solvit
1266 2158 1303 2191 et
1334 2153 1519 2193 effibulat.

1059 2303 1152 2351 Ave,
1185 2312 1336 2349 parens,
1362 2306 1493 2348 partus
1523 2312 1666 2339 morem

1060 2359 1177 2396 Partu
1207 2363 1368 2404 mutans,
1406 2369 1492 2396 nam
1522 2358 1691 2396 dolorem

1116 2415 1247 2453 Partui
1278 2419 1551 2464 postposteras‚

1060 2472 1212 2508 Florem
1243 2471 1359 2520 paris,
1393 2472 1460 2509 sed
1490 2472 1529 2508 in
1560 2475 1674 2518 partu

1059 2527 1190 2574 Neque
1220 2526 1349 2564 florem
1380 2538 1450 2564 nec
1477 2527 1587 2565 iubar
1617 2532 1658 2565 tu

1114 2582 1278 2622 Pudoris
1309 2583 1502 2624 obliteraS.
