1785 3111
762 77 1071 117 —116—

142 189 181 223 11
208 192 342 223 lumina
369 191 490 233 templi
517 191 553 223 C.
579 208 622 212 —
649 188 690 221 12
714 190 896 231 Ingredior
921 190 998 230 CD3
1026 190 1128 222 aulae
1153 191 1197 222 D.
1222 208 1266 212 —
1293 189 1333 222 15
1358 191 1569 232 gemibunda
1595 192 1641 223 D.
1660 209 1701 213 -—-
1769 175 1772 177 Δ

143 236 183 268 17
218 237 304 269 Cum
330 237 441 278 magis
472 246 493 267 a
525 236 594 267 AC.
629 253 672 257 —
706 233 745 266 21
775 246 962 267 memorem
986 236 1040 267 fac
1066 236 1137 268 CD.
1164 254 1206 258 —
1231 234 1276 267 22
1300 237 1503 278 patriaeque
1528 237 1567 268 Β.
1592 255 1636 258 -—
1660 234 1703 269 23

142 284 299 315 Cinctum
325 282 382 313 det
407 281 555 313 mediam
580 281 627 320 A3
654 281 811 313 Cinotam
837 281 895 312 det
919 281 1032 312 medio
1051 282 1100 321 D3
1124 282 1225 313 undis
1244 283 1286 313 D.
1314 299 1355 303 -
1381 279 1424 312 25
1441 281 1583 313 tumidis
1602 283 1641 312 B.
1659 299 1703 303 ——

144 326 187 360 26
213 329 318 369 inque
343 329 451 358 virem
477 327 592 357 fervor
617 327 768 357 cucurrit
792 327 842 365 D3
868 327 982 357 fervor
1007 328 1183 358 concussit
1199 328 1239 358 A.
1265 345 1309 348 —
1335 324 1377 358 28
1404 328 1586 368 piatasque
1602 328 1641 359 B.
1659 345 1702 349 —

140 371 182 405 31
220 384 280 414 spe
314 374 356 404 D.
383 390 426 393 -Η
459 369 502 403 32
540 382 701 403 sueveras
732 372 771 402 B.
799 388 837 392 -
865 369 911 403 33
941 372 1013 403 Nee
1045 382 1153 414 quare
1186 373 1228 404 D.
1254 390 1298 394 ——
1323 370 1367 403 34
1400 376 1538 404 avertas
1563 372 1635 405 CD.
1661 391 1705 394 —

142 416 184 450 35
210 419 265 450 bis
293 417 431 450 Sehluss
456 416 571 448 fehlen
597 419 635 449 B.
660 434 704 438 -—
729 414 772 448 36
796 417 963 448 verberae
989 417 1026 456 C,
1052 418 1197 449 verbera
1215 419 1288 450 AD.
1309 435 1352 438 ——
1377 414 1420 448 38
1446 418 1483 448 in
1508 427 1586 449 oras
1605 419 1642 450 C.
1660 437 1703 441 —

139 462 183 496 39
217 464 355 505 Religio
389 463 481 504 quod
514 466 612 494 easta
643 461 702 493 fiet
733 462 876 504 (korrig.
910 463 946 493 in
979 461 1050 502 fiat)
1083 465 1126 502 Ως
1158 463 1296 505 Religio
1331 473 1396 504 que
1428 473 1535 494 causa
1565 464 1632 495 fuit
1656 465 1702 504 ΑΞ,

142 510 353 550 Religioque
386 518 493 539 eausa
524 507 586 539 fiat
610 508 653 539 D.
681 525 722 528 —
748 505 793 538 42
825 512 990 550 quaestus
1016 508 1090 539 AD.
1120 526 1159 529 -—
1185 507 1229 540 44
1255 509 1381 540 rubore
1406 509 1445 539 A.
1471 527 1515 529 —
1539 507 1583 540 45
1608 510 1703 541 Deus

139 555 306 596 illiusque
332 564 392 595 per
418 554 454 585 C.

235 601 342 641 „Item
376 609 514 630 carmen
541 598 741 629 eiusdem
768 596 842 637 (scl-
869 598 997 633 Bedae)
1030 599 1240 640 soliloquum
1267 599 1308 630 de
1333 599 1467 640 psalmo
1493 600 1586 631 XLI.
1612 610 1703 631 eom—

141 642 315 687 positum“
345 644 390 684 A;
426 646 462 675 in
489 644 514 675 C
545 654 614 675 von
648 644 802 684 spiiterer
826 644 932 675 Hand
957 654 1012 675 am
1037 644 1177 676 Raude:
1212 644 1467 685 „Soliloquium
1491 645 1704 677 venerabilis

142 691 288 723 Bedae
322 687 555 731 p1·esbyteri“;
589 691 625 720 in
649 689 677 720 B
707 699 763 720 am
788 689 908 721 Raude
943 689 1002 721 des
1027 690 1214 722 Gediehtes
1246 689 1356 725 (nieht
1381 690 1441 722 der
1466 690 1705 731 Handschrift)

138 747 208 768 von
233 739 342 767 erster
367 735 471 766 Hand
499 735 546 775 „B
558 734 604 765 ed
615 733 668 765 a“.

232 781 328 812 Beda
353 780 438 812 liebt
464 791 499 811 es
526 779 615 811 auch
641 781 677 811 in
701 780 768 811 den
793 780 965 812 Miraeula
991 791 1017 811 s.
1044 780 1226 812 Cuthberti
1251 780 1471 813 Psalmverse
1496 792 1539 813 zu
1564 781 1704 813 metrifi-

141 828 268 858 zieren.
318 827 388 857 F‘m·
422 826 477 857 die
510 823 672 856 Eehtheit
703 826 818 857 dieser
852 826 1072 867 Paraphrase
1105 826 1238 868 spricht
1271 826 1359 857 auch
1393 828 1429 857 in
1453 827 1539 859 Vers
1565 824 1609 859 32
1641 827 1702 859 das

142 884 210 913 „su
222 882 316 904 eras
342 871 523 903 defendere
550 871 592 902 ab
619 869 751 910 hoste“,
777 872 897 902 womit
921 882 964 903 zu
987 872 1210 913 vergleiehen
1235 872 1407 903 Miraeula
1432 873 1513 911 XII,
1539 871 1577 910 73
1605 873 1702 912 XIII,

141 916 198 959 193
226 918 352 955 XXIV,
380 915 432 948 22.

232 964 297 994 Die
337 962 514 994 Collation
555 972 625 994 von
666 962 694 993 A
731 961 909 993 verdanke
943 961 999 993 ioh
1038 961 1300 993 Stiftsarehivar
1331 963 1465 1004 Joseph
1503 963 1632 995 Miiller
1667 965 1704 995 in

140 1010 187 1042 st.
218 1009 352 1041 Gallen.

387 1108 447 1144 94.
483 1109 564 1151 116.)
600 1108 769 1144 Carmen
794 1108 1040 1144 venerabilis
1065 1108 1198 1143 Bedae
1224 1108 1452 1153 presbyteri

731 1179 777 1210 de
802 1179 979 1210 Psalmo
1013 1178 1120 1210 CXII.

348 1272 520 1309 Laudate
550 1271 810 1318 altithronum,
842 1270 963 1318 pueri,
995 1270 1149 1308 laudate
1179 1274 1384 1315 tonantem,

347 1329 405 1366 Sit
437 1339 612 1378 magnum
644 1328 795 1365 Domini
827 1327 1066 1365 benedictum
1098 1327 1137 1364 in
1168 1328 1320 1364 saecula.
1350 1338 1499 1366 nomen.

348 1385 446 1423 Solis
477 1385 524 1422 ab
557 1389 690 1422 exortu
719 1384 921 1422 Dominum
952 1385 1106 1421 laudate
1137 1388 1343 1433 potentem,

349 1442 446 1479 Solis
478 1442 527 1479 ad
558 1452 732 1478 occasum
762 1442 801 1478 in
832 1441 982 1489 hymnis
1012 1441 1207 1487 persistite
1238 1441 1404 1480 laudum.

289 1503 310 1538 5
350 1499 536 1537 Excelsus
569 1502 698 1545 gentes
730 1498 912 1535 Dominus
942 1497 1197 1544 supereminet
1226 1508 1367 1545 omnes,

347 1556 441 1593 Eius
474 1560 510 1592 et
541 1554 739 1592 astriferos
771 1554 1029 1591 transscendit
1059 1555 1179 1601 gloria
1210 1555 1348 1594 caelos

346 1613 436 1659 Quis
468 1612 629 1649 Domino
661 1616 718 1648 est
748 1611 895 1658 similis,
929 1611 1039 1648 sedes
1071 1611 1132 1648 eui
1161 1621 1299 1658 perpes
1329 1611 1368 1647 in
1399 1609 1514 1648 altis?

296 1696 299 1701 ,
345 1669 517 1716 Respicit
547 1673 607 1706 ast
637 1668 797 1705 humiles
828 1668 932 1705 eaelo
963 1673 1141 1715 terraque
1173 1667 1366 1715 benignus,

345 1726 562 1763 Maerentes
592 1726 798 1772 inopesque
829 1736 851 1762 a
882 1725 1021 1762 rudere
1050 1725 1151 1762 tollit
1182 1735 1319 1771 eosque

260 1784 308 1820 10
347 1783 533 1820 Primates
563 1783 664 1819 inter
696 1782 827 1828 populi
858 1781 1038 1818 sublimat
1067 1782 1225 1828 opimos.

347 1840 390 1876 In
423 1839 591 1876 sterilem
620 1838 794 1876 habitare
827 1838 938 1875 domo
968 1838 1171 1875 miseratur
1202 1843 1238 1875 et
1269 1838 1395 1885 amplo

348 1896 501 1933 Laetari
533 1895 667 1933 tribuit
697 1900 869 1932 natorum
901 1895 1068 1942 germine
1098 1898 1272 1933 matrem.

235 1997 347 2028 Carm.
380 2007 442 2028 ms.
478 1996 664 2027 Walafridi
700 2006 787 2027 saec.
815 1994 846 2026 9.
895 1995 977 2026 Cod.
1004 1995 1203 2037 Sangallen.
1228 1993 1306 2027 369.
1331 1995 1371 2026 Α.
1396 2012 1441 2015 —
1465 1993 1607 2026 Colleet.
1642 2004 1704 2025 ms.

142 2042 369 2083 sangallense
404 2052 494 2073 saec.
524 2040 572 2073 10.
623 2041 706 2073 Cod.
732 2041 934 2082 Sangallen.
960 2038 1034 2073 265.
1056 2041 1096 2072 Β.
1122 2058 1164 2062 -
1191 2041 1336 2073 Collect.
1369 2051 1432 2072 ms.
1458 2040 1492 2071 S.
1517 2038 1704 2071 Michaelis

141 2088 370 2128 Bambergen.
398 2098 486 2119 saec.
514 2084 601 2119 ¹⁰l11.
653 2086 734 2118 Cod.
762 2087 987 2128 Bambergen.
1014 2084 1041 2117 B
1067 2087 1101 2117 II
1130 2083 1181 2118 10.
1208 2087 1244 2118 Ο.
1271 2103 1312 2108 —-
1341 2085 1471 2117 Homil.
1500 2096 1561 2117 ms.
1594 2086 1704 2117 Bene-

141 2133 407 2164 dietoburanum
435 2143 523 2164 saec.
549 2130 602 2164 30³9.
648 2133 735 2164 Clm.
760 2133 942 2163 Monacen.
965 2129 1065 2163 4547.
1091 2131 1167 2162 add.
1194 2141 1283 2163 saec.
1312 2129 1362 2162 11.
1389 2132 1431 2162 D.

233 2176 254 2209 3
278 2178 418 2209 laudate
444 2189 486 2219 po
513 2203 520 2209 .
548 2202 556 2209 .
582 2201 589 2208 .
616 2179 658 2209 D.
684 2195 728 2198 —
752 2176 772 2209 9
798 2188 818 2208 a
843 2177 964 2208 rudere
988 2177 1075 2208 fehlt
1098 2175 1244 2215 (Liicke)
1269 2177 1312 2215 (ἐς
1340 2176 1439 2208 tollet
1464 2177 1500 2209 C.
1526 2193 1571 2197 —
1597 2174 1636 2207 11
1663 2176 1705 2207 In

140 2224 254 2255 sterili
281 2224 358 2263 Ass;
384 2224 494 2264 Inque
521 2224 673 2255 sterilem
698 2223 858 2255 habitare
883 2222 1003 2253 domos
1029 2223 1074 2261 (ἐς
1100 2223 1285 2253 miseratus
1311 2223 1389 2260 BD3
1417 2224 1550 2263 opimos
1578 2223 1616 2253 D.

236 2269 403 2310 „Carmen
428 2269 642 2301 venerabilis
668 2268 813 2300 Bedae
838 2268 1031 2309 presbyteri
1056 2268 1099 2299 de
1124 2268 1258 2309 psalmo
1285 2265 1449 2299 CXXII“.
1476 2268 1559 2307 AD;
1596 2267 1705 2308 „Item

140 2324 278 2346 carmen
310 2314 510 2345 eiusdem
548 2315 588 2345 de
626 2314 760 2355 psalmo
798 2311 935 2345 xxm.
974 2314 1011 2344 B.
1065 2314 1106 2345 In
1139 2313 1165 2345 C
1198 2323 1253 2344 am
1278 2313 1398 2344 Raude
1431 2312 1490 2344 des
1516 2312 1703 2344 Gedichtes

138 2360 247 2399 (nicht
272 2359 332 2390 der
356 2359 612 2399 Handsehriftj:
641 2360 748 2398 „Item
773 2358 948 2390 Bedae“.

231 2406 271 2436 In
299 2406 326 2434 B
358 2404 428 2435 und
454 2406 485 2436 D
516 2405 632 2446 folgen
658 2405 720 2436 auf
740 2405 861 2436 diesen
885 2404 1002 2435 Psalm
1028 2404 1117 2435 noch
1143 2404 1216 2435 drei
1242 2405 1381 2435 weitere
1406 2404 1523 2441 Verse,
1549 2403 1605 2434 die
1630 2401 1703 2434 sich

141 2452 224 2483 aber
255 2451 317 2481 auf
339 2448 394 2480 Ps.
419 2447 450 2487 3,
476 2448 496 2481 6
530 2451 697 2481 beziehen
729 2450 799 2481 und
833 2450 906 2481 also
940 2449 1231 2481 wahrscheinlieh
1267 2450 1323 2481 ein
1355 2448 1573 2481 Bruehstiick
1607 2449 1704 2480 einer

141 2497 303 2528 weiteren
328 2494 705 2537 Psalmenparaphrase
732 2495 843 2526 Bedas
870 2494 1007 2526 bilden:

421 2564 499 2594 Non
523 2563 771 2595 circumdantis
795 2563 900 2594 timeo
927 2573 980 2594 me
1006 2562 1104 2594 milia
1128 2563 1251 2604 plebis.

420 2609 530 2647 Quem
556 2611 712 2640 metuant
735 2607 821 2640 fines
846 2611 1017 2640 terrarum
1041 2608 1197 2639 funditus
1223 2618 1352 2647 omnes,

422 2654 633 2686 Gaudebunt
657 2663 744 2691 mea,
770 2664 847 2684 cum
872 2654 936 2685 tibi
962 2653 1204 2692 deeantavero,
1229 2654 1338 2685 labra.

232 2724 304 2755 Der
328 2722 434 2754 letzte
458 2722 545 2753 Vers
571 2722 607 2752 in
632 2722 663 2753 D
690 2720 906 2752 irrtiimlieh:
936 2721 1147 2753 Gaudebunt
1171 2722 1206 2751 in
1232 2731 1283 2759 ea,
1309 2721 1375 2752 tibi
1400 2731 1477 2752 cum
1502 2723 1701 2760 cantavero,

139 2770 249 2801 labra.
273 2787 319 2791 —
343 2768 410 2799 Die
436 2767 616 2798 Kollation
641 2777 709 2797 von
727 2766 756 2797 A
782 2766 851 2798 und
870 2768 897 2798 B
922 2766 1028 2797 durch
1055 2766 1110 2798 die
1126 2766 1216 2798 Giite
1230 2766 1289 2797 des
1309 2767 1422 2798 Herrn
1440 2764 1703 2797 Stiftsarchivar

140 2814 273 2855 Joseph
298 2813 427 2845 Miiller
452 2813 488 2843 in
514 2812 562 2843 St.
588 2811 723 2844 Gallen.
