<?xml version="1.0" encoding="UTF-8"?>
<!DOCTYPE html PUBLIC "-//W3C//DTD XHTML 1.0 Transitional//EN"
    "http://www.w3.org/TR/xhtml1/DTD/xhtml1-transitional.dtd">
<html xmlns="http://www.w3.org/1999/xhtml" xml:lang="en" lang="en">
 <head>
  <title>
</title>
<meta http-equiv="Content-Type" content="text/html;charset=utf-8" />
  <meta name='ocr-system' content='tesseract 3.04.00' />
  <meta name='ocr-capabilities' content='ocr_page ocr_carea ocr_par ocr_line ocrx_word'/>
</head>
<body>
  <div class='ocr_page' id='page_1' title='image "./analectahymnicam50drevuoft/analectahymnicam50drevuoft_0356.png"; bbox 0 0 1785 3111; ppageno 0'>
   <div class='ocr_carea' id='block_1_1' title="bbox 781 61 1092 101">
    <p class='ocr_par' dir='ltr' id='par_1_1' title="bbox 781 61 1092 101">
     <span class='ocr_line' id='line_1_1' title="bbox 781 61 1092 101; baseline 0 0"><span class='ocrx_word' id='word_1_1' title='bbox 781 61 1092 101; x_wconf 76' lang='lat'>—336—</span> 
     </span>
    </p>
   </div>
   <div class='ocr_carea' id='block_1_2' title="bbox 442 175 1347 1064">
    <p class='ocr_par' dir='ltr' id='par_1_2' title="bbox 442 175 1347 1064">
     <span class='ocr_line' id='line_1_2' title="bbox 543 175 1185 222; baseline -0.003 -9"><span class='ocrx_word' id='word_1_2' title='bbox 543 176 686 214; x_wconf 85' lang='lat' dir='ltr'>Summi</span> <span class='ocrx_word' id='word_1_3' title='bbox 719 176 848 222; x_wconf 88' lang='lat' dir='ltr'>capias</span> <span class='ocrx_word' id='word_1_4' title='bbox 882 175 984 212; x_wconf 85' lang='lat' dir='ltr'>iussa</span> <span class='ocrx_word' id='word_1_5' title='bbox 1014 175 1185 222; x_wconf 77' lang='lat' dir='ltr'>magistri</span> 
     </span>
     <span class='ocr_line' id='line_1_3' title="bbox 540 231 1285 280; baseline -0.003 -10"><span class='ocrx_word' id='word_1_6' title='bbox 540 233 702 270; x_wconf 81' lang='lat' dir='ltr'>Servant</span> <span class='ocrx_word' id='word_1_7' title='bbox 734 231 920 278; x_wconf 76' lang='lat' dir='ltr'>fragilem,</span> <span class='ocrx_word' id='word_1_8' title='bbox 954 232 986 268; x_wconf 91' lang='lat' dir='ltr'>si</span> <span class='ocrx_word' id='word_1_9' title='bbox 1017 231 1112 268; x_wconf 86' lang='lat' dir='ltr'>bene</span> <span class='ocrx_word' id='word_1_10' title='bbox 1143 243 1285 280; x_wconf 86' lang='lat' dir='ltr'>servas,</span> 
     </span>
     <span class='ocr_line' id='line_1_4' title="bbox 543 289 1240 328; baseline 0.003 -2"><span class='ocrx_word' id='word_1_11' title='bbox 543 291 723 327; x_wconf 82' lang='lat' dir='ltr'>Sermone</span> <span class='ocrx_word' id='word_1_12' title='bbox 754 300 863 325; x_wconf 85' lang='lat' dir='ltr'>sacro</span> <span class='ocrx_word' id='word_1_13' title='bbox 894 289 1079 325; x_wconf 85' lang='lat' dir='ltr'>sternitur</span> <span class='ocrx_word' id='word_1_14' title='bbox 1110 289 1240 328; x_wconf 82' lang='lat' dir='ltr'>hostis,</span> 
     </span>
     <span class='ocr_line' id='line_1_5' title="bbox 442 345 1238 392; baseline -0.004 -8"><span class='ocrx_word' id='word_1_15' title='bbox 442 347 492 384; x_wconf 85' lang='lat'>15</span> <span class='ocrx_word' id='word_1_16' title='bbox 541 347 679 383; x_wconf 90' lang='lat' dir='ltr'>Ensem</span> <span class='ocrx_word' id='word_1_17' title='bbox 713 346 842 392; x_wconf 85' lang='lat' dir='ltr'>capias</span> <span class='ocrx_word' id='word_1_18' title='bbox 876 346 974 381; x_wconf 85' lang='lat' dir='ltr'>hunc</span> <span class='ocrx_word' id='word_1_19' title='bbox 1005 345 1074 381; x_wconf 89' lang='lat' dir='ltr'>tibi</span> <span class='ocrx_word' id='word_1_20' title='bbox 1105 349 1238 389; x_wconf 88' lang='lat' dir='ltr'>tutum,</span> 
     </span>
     <span class='ocr_line' id='line_1_6' title="bbox 541 402 1244 449; baseline 0.001 -11"><span class='ocrx_word' id='word_1_21' title='bbox 541 403 621 439; x_wconf 83' lang='lat' dir='ltr'>Nee</span> <span class='ocrx_word' id='word_1_22' title='bbox 652 409 688 438; x_wconf 82' lang='lat' dir='ltr'>te</span> <span class='ocrx_word' id='word_1_23' title='bbox 721 402 844 449; x_wconf 83' lang='lat' dir='ltr'>subigi</span> <span class='ocrx_word' id='word_1_24' title='bbox 877 414 970 438; x_wconf 84' lang='lat' dir='ltr'>crux</span> <span class='ocrx_word' id='word_1_25' title='bbox 1003 403 1100 438; x_wconf 89' lang='lat' dir='ltr'>sinet</span> <span class='ocrx_word' id='word_1_26' title='bbox 1132 402 1244 440; x_wconf 88' lang='lat' dir='ltr'>hosti.</span> 
     </span>
     <span class='ocr_line' id='line_1_7' title="bbox 539 459 1307 506; baseline -0.003 -10"><span class='ocrx_word' id='word_1_27' title='bbox 539 460 623 496; x_wconf 88' lang='lat' dir='ltr'>Hac</span> <span class='ocrx_word' id='word_1_28' title='bbox 654 460 717 506; x_wconf 87' lang='lat' dir='ltr'>qui</span> <span class='ocrx_word' id='word_1_29' title='bbox 749 460 911 506; x_wconf 80' lang='lat' dir='ltr'>steterit,</span> <span class='ocrx_word' id='word_1_30' title='bbox 944 469 1016 495; x_wconf 89' lang='lat' dir='ltr'>non</span> <span class='ocrx_word' id='word_1_31' title='bbox 1050 459 1155 494; x_wconf 86' lang='lat' dir='ltr'>timet</span> <span class='ocrx_word' id='word_1_32' title='bbox 1187 459 1307 506; x_wconf 74' lang='lat' dir='ltr'>illum,</span> 
     </span>
     <span class='ocr_line' id='line_1_8' title="bbox 539 514 1226 562; baseline -0.001 -10"><span class='ocrx_word' id='word_1_33' title='bbox 539 516 653 553; x_wconf 84' lang='lat' dir='ltr'>Miles</span> <span class='ocrx_word' id='word_1_34' title='bbox 685 516 827 562; x_wconf 85' lang='lat' dir='ltr'>tegitur</span> <span class='ocrx_word' id='word_1_35' title='bbox 857 519 1019 562; x_wconf 84' lang='lat' dir='ltr'>votaque</span> <span class='ocrx_word' id='word_1_36' title='bbox 1050 514 1226 561; x_wconf 88' lang='lat' dir='ltr'>fundens,</span> 
     </span>
     <span class='ocr_line' id='line_1_9' title="bbox 540 572 1263 619; baseline 0.001 -10"><span class='ocrx_word' id='word_1_37' title='bbox 540 573 695 619; x_wconf 77' lang='lat' dir='ltr'>Moyses</span> <span class='ocrx_word' id='word_1_38' title='bbox 728 573 909 619; x_wconf 90' lang='lat' dir='ltr'>populum</span> <span class='ocrx_word' id='word_1_39' title='bbox 942 572 1107 618; x_wconf 79' lang='lat' dir='ltr'>protegit</span> <span class='ocrx_word' id='word_1_40' title='bbox 1139 583 1263 611; x_wconf 76' lang='lat' dir='ltr'>ora-ns,</span> 
     </span>
     <span class='ocr_line' id='line_1_10' title="bbox 443 627 1194 675; baseline -0.003 -8"><span class='ocrx_word' id='word_1_41' title='bbox 443 631 494 668; x_wconf 87' lang='lat'>20</span> <span class='ocrx_word' id='word_1_42' title='bbox 542 630 696 667; x_wconf 88' lang='lat' dir='ltr'>Scutum</span> <span class='ocrx_word' id='word_1_43' title='bbox 727 628 817 666; x_wconf 88' lang='lat' dir='ltr'>fidei</span> <span class='ocrx_word' id='word_1_44' title='bbox 848 630 999 675; x_wconf 81' lang='lat' dir='ltr'>suscipe</span> <span class='ocrx_word' id='word_1_45' title='bbox 1030 627 1194 675; x_wconf 82' lang='lat' dir='ltr'>fervens,</span> 
     </span>
     <span class='ocr_line' id='line_1_11' title="bbox 542 685 1162 734; baseline -0.003 -11"><span class='ocrx_word' id='word_1_46' title='bbox 542 688 645 724; x_wconf 83' lang='lat' dir='ltr'>Ictus</span> <span class='ocrx_word' id='word_1_47' title='bbox 677 686 820 734; x_wconf 89' lang='lat' dir='ltr'>poteris</span> <span class='ocrx_word' id='word_1_48' title='bbox 853 686 987 722; x_wconf 85' lang='lat' dir='ltr'>tollere</span> <span class='ocrx_word' id='word_1_49' title='bbox 1020 685 1162 733; x_wconf 79' lang='lat' dir='ltr'>victor3</span> 
     </span>
     <span class='ocr_line' id='line_1_12' title="bbox 541 742 1347 793; baseline -0.002 -13"><span class='ocrx_word' id='word_1_50' title='bbox 541 744 636 790; x_wconf 79' lang='lat' dir='ltr'>Spes</span> <span class='ocrx_word' id='word_1_51' title='bbox 669 744 732 780; x_wconf 80' lang='lat' dir='ltr'>det</span> <span class='ocrx_word' id='word_1_52' title='bbox 764 743 923 789; x_wconf 47' lang='lat' dir='ltr'>galcam,</span> <span class='ocrx_word' id='word_1_53' title='bbox 957 753 1053 789; x_wconf 84' lang='lat' dir='ltr'>quae</span> <span class='ocrx_word' id='word_1_54' title='bbox 1085 746 1198 788; x_wconf 88' lang='lat' dir='ltr'>caput</span> <span class='ocrx_word' id='word_1_55' title='bbox 1229 742 1347 793; x_wconf 82' lang='lat' dir='ltr'>abdit,</span> 
     </span>
     <span class='ocr_line' id='line_1_13' title="bbox 542 799 1268 848; baseline -0.003 -11"><span class='ocrx_word' id='word_1_56' title='bbox 542 800 644 848; x_wconf 84' lang='lat' dir='ltr'>Cape</span> <span class='ocrx_word' id='word_1_57' title='bbox 677 800 833 836; x_wconf 89' lang='lat' dir='ltr'>loricam</span> <span class='ocrx_word' id='word_1_58' title='bbox 867 799 1035 836; x_wconf 86' lang='lat' dir='ltr'>membra</span> <span class='ocrx_word' id='word_1_59' title='bbox 1066 804 1268 846; x_wconf 84' lang='lat' dir='ltr'>tegentem,</span> 
     </span>
     <span class='ocr_line' id='line_1_14' title="bbox 539 856 1250 904; baseline 0 -10"><span class='ocrx_word' id='word_1_60' title='bbox 539 858 658 904; x_wconf 79' lang='lat' dir='ltr'>Quam</span> <span class='ocrx_word' id='word_1_61' title='bbox 689 857 861 893; x_wconf 88' lang='lat' dir='ltr'>iustitiae</span> <span class='ocrx_word' id='word_1_62' title='bbox 894 858 1030 893; x_wconf 81' lang='lat' dir='ltr'>dextra</span> <span class='ocrx_word' id='word_1_63' title='bbox 1061 856 1250 903; x_wconf 83' lang='lat' dir='ltr'>propinet.</span> 
     </span>
     <span class='ocr_line' id='line_1_15' title="bbox 448 913 1283 959; baseline -0.004 -7"><span class='ocrx_word' id='word_1_64' title='bbox 448 916 498 952; x_wconf 84' lang='lat'>25</span> <span class='ocrx_word' id='word_1_65' title='bbox 545 914 709 951; x_wconf 87' lang='lat' dir='ltr'>Multum</span> <span class='ocrx_word' id='word_1_66' title='bbox 742 914 846 951; x_wconf 84' lang='lat' dir='ltr'>iuvat</span> <span class='ocrx_word' id='word_1_67' title='bbox 878 918 915 949; x_wconf 89' lang='lat' dir='ltr'>et</span> <span class='ocrx_word' id='word_1_68' title='bbox 945 913 1095 959; x_wconf 79' lang='lat' dir='ltr'>cingere</span> <span class='ocrx_word' id='word_1_69' title='bbox 1124 913 1283 958; x_wconf 84' lang='lat' dir='ltr'>lumbos,</span> 
     </span>
     <span class='ocr_line' id='line_1_16' title="bbox 543 970 1155 1019; baseline -0.003 -12"><span class='ocrx_word' id='word_1_70' title='bbox 543 971 654 1008; x_wconf 82' lang='lat' dir='ltr'>Pacis</span> <span class='ocrx_word' id='word_1_71' title='bbox 690 970 829 1017; x_wconf 78' lang='lat' dir='ltr'>caligas</span> <span class='ocrx_word' id='word_1_72' title='bbox 861 970 1026 1007; x_wconf 87' lang='lat' dir='ltr'>subdere</span> <span class='ocrx_word' id='word_1_73' title='bbox 1057 970 1155 1019; x_wconf 81' lang='lat' dir='ltr'>talis,</span> 
     </span>
     <span class='ocr_line' id='line_1_17' title="bbox 542 1026 1251 1064; baseline 0 0"><span class='ocrx_word' id='word_1_74' title='bbox 542 1027 673 1064; x_wconf 89' lang='lat' dir='ltr'>Hostis</span> <span class='ocrx_word' id='word_1_75' title='bbox 705 1027 859 1064; x_wconf 81' lang='lat' dir='ltr'>latitans</span> <span class='ocrx_word' id='word_1_76' title='bbox 893 1027 950 1063; x_wconf 86' lang='lat' dir='ltr'>his</span> <span class='ocrx_word' id='word_1_77' title='bbox 983 1026 1094 1063; x_wconf 84' lang='lat' dir='ltr'>cadet</span> <span class='ocrx_word' id='word_1_78' title='bbox 1124 1027 1251 1064; x_wconf 74' lang='lat' dir='ltr'>armis·</span> 
     </span>
    </p>
   </div>
   <div class='ocr_carea' id='block_1_3' title="bbox 155 1123 1722 1341">
    <p class='ocr_par' dir='ltr' id='par_1_3' title="bbox 155 1123 1722 1341">
     <span class='ocr_line' id='line_1_18' title="bbox 246 1123 1719 1168; baseline -0.001 -10"><span class='ocrx_word' id='word_1_79' title='bbox 246 1128 468 1168; x_wconf 73' lang='lat' dir='ltr'>Martinengo</span> <span class='ocrx_word' id='word_1_80' title='bbox 502 1127 524 1158; x_wconf 91' lang='grc'>1.</span> <span class='ocrx_word' id='word_1_81' title='bbox 551 1138 579 1158; x_wconf 85' lang='lat' dir='ltr'>c.</span> <span class='ocrx_word' id='word_1_82' title='bbox 607 1138 638 1168; x_wconf 84' lang='lat' dir='ltr'>p.</span> <span class='ocrx_word' id='word_1_83' title='bbox 665 1125 741 1158; x_wconf 73' lang='lat'>209.</span> <span class='ocrx_word' id='word_1_84' title='bbox 772 1144 808 1147; x_wconf 83' lang='lat'>—</span> <span class='ocrx_word' id='word_1_85' title='bbox 838 1126 856 1157; x_wconf 82' lang='lat'>7</span> <span class='ocrx_word' id='word_1_86' title='bbox 883 1128 1034 1158; x_wconf 81' lang='lat' dir='ltr'>Dabitur</span> <span class='ocrx_word' id='word_1_87' title='bbox 1059 1127 1139 1157; x_wconf 81' lang='lat' dir='ltr'>forti</span> <span class='ocrx_word' id='word_1_88' title='bbox 1164 1144 1208 1147; x_wconf 87' lang='lat'>—</span> <span class='ocrx_word' id='word_1_89' title='bbox 1236 1124 1276 1158; x_wconf 80' lang='grc'>18</span> <span class='ocrx_word' id='word_1_90' title='bbox 1301 1128 1445 1168; x_wconf 78' lang='lat' dir='ltr'>Tegitur</span> <span class='ocrx_word' id='word_1_91' title='bbox 1469 1126 1581 1158; x_wconf 88' lang='lat' dir='ltr'>miles.</span> <span class='ocrx_word' id='word_1_92' title='bbox 1609 1144 1652 1146; x_wconf 96' lang='lat'><strong>—</strong></span> <span class='ocrx_word' id='word_1_93' title='bbox 1676 1123 1719 1157; x_wconf 86' lang='lat'>25</span> 
     </span>
     <span class='ocr_line' id='line_1_19' title="bbox 155 1171 1722 1213; baseline -0.001 -9"><span class='ocrx_word' id='word_1_94' title='bbox 155 1175 257 1204; x_wconf 85' lang='lat' dir='ltr'>Iuvat</span> <span class='ocrx_word' id='word_1_95' title='bbox 290 1176 324 1204; x_wconf 79' lang='lat' dir='ltr'>et</span> <span class='ocrx_word' id='word_1_96' title='bbox 358 1174 514 1204; x_wconf 85' lang='lat' dir='ltr'>multum.</span> <span class='ocrx_word' id='word_1_97' title='bbox 541 1190 584 1193; x_wconf 82' lang='lat'>—</span> <span class='ocrx_word' id='word_1_98' title='bbox 610 1171 653 1203; x_wconf 76' lang='lat'>26</span> <span class='ocrx_word' id='word_1_99' title='bbox 686 1173 819 1213; x_wconf 72' lang='lat' dir='ltr'>Caligis</span> <span class='ocrx_word' id='word_1_100' title='bbox 853 1174 948 1213; x_wconf 74' lang='lat' dir='ltr'>pacis</span> <span class='ocrx_word' id='word_1_101' title='bbox 983 1173 1129 1203; x_wconf 80' lang='lat' dir='ltr'>subdere</span> <span class='ocrx_word' id='word_1_102' title='bbox 1162 1172 1263 1204; x_wconf 84' lang='lat' dir='ltr'>talos.</span> <span class='ocrx_word' id='word_1_103' title='bbox 1288 1190 1332 1193; x_wconf 79' lang='lat'>-</span> <span class='ocrx_word' id='word_1_104' title='bbox 1356 1173 1449 1204; x_wconf 88' lang='lat' dir='ltr'>Zwei</span> <span class='ocrx_word' id='word_1_105' title='bbox 1481 1172 1606 1203; x_wconf 84' lang='lat' dir='ltr'>Fehler</span> <span class='ocrx_word' id='word_1_106' title='bbox 1639 1171 1722 1203; x_wconf 83' lang='lat' dir='ltr'>oder</span> 
     </span>
     <span class='ocr_line' id='line_1_20' title="bbox 155 1217 1719 1260; baseline -0.001 -10"><span class='ocrx_word' id='word_1_107' title='bbox 155 1219 361 1250; x_wconf 86' lang='lat' dir='ltr'>Anomalien</span> <span class='ocrx_word' id='word_1_108' title='bbox 395 1229 538 1260; x_wconf 74' lang='lat' dir='ltr'>vermag</span> <span class='ocrx_word' id='word_1_109' title='bbox 569 1219 622 1249; x_wconf 79' lang='lat' dir='ltr'>ich</span> <span class='ocrx_word' id='word_1_110' title='bbox 656 1218 753 1249; x_wconf 76' lang='lat' dir='ltr'>nieht</span> <span class='ocrx_word' id='word_1_111' title='bbox 785 1229 827 1249; x_wconf 83' lang='lat' dir='ltr'>zu</span> <span class='ocrx_word' id='word_1_112' title='bbox 860 1218 1031 1249; x_wconf 74' lang='lat' dir='ltr'>belieben:</span> <span class='ocrx_word' id='word_1_113' title='bbox 1067 1217 1086 1248; x_wconf 81' lang='lat'>5</span> <span class='ocrx_word' id='word_1_114' title='bbox 1108 1219 1266 1257; x_wconf 71' lang='lat' dir='ltr'>portans</span> <span class='ocrx_word' id='word_1_115' title='bbox 1290 1225 1428 1249; x_wconf 57' lang='grc' dir='ltr'>τίθησι-03</span> <span class='ocrx_word' id='word_1_116' title='bbox 1453 1219 1501 1248; x_wconf 82' lang='lat' dir='ltr'>ist</span> <span class='ocrx_word' id='word_1_117' title='bbox 1524 1219 1602 1249; x_wconf 85' lang='lat' dir='ltr'>eine</span> <span class='ocrx_word' id='word_1_118' title='bbox 1627 1221 1719 1249; x_wconf 82' lang='lat' dir='ltr'>erste</span> 
     </span>
     <span class='ocr_line' id='line_1_21' title="bbox 155 1261 1717 1304; baseline -0.001 -9"><span class='ocrx_word' id='word_1_119' title='bbox 155 1264 352 1295; x_wconf 73' lang='lat' dir='ltr'>Vershalfte</span> <span class='ocrx_word' id='word_1_120' title='bbox 378 1274 421 1295; x_wconf 88' lang='lat' dir='ltr'>an</span> <span class='ocrx_word' id='word_1_121' title='bbox 448 1264 556 1297; x_wconf 83' lang='lat' dir='ltr'>Stelle</span> <span class='ocrx_word' id='word_1_122' title='bbox 582 1265 677 1295; x_wconf 84' lang='lat' dir='ltr'>einer</span> <span class='ocrx_word' id='word_1_123' title='bbox 702 1265 862 1297; x_wconf 76' lang='lat' dir='ltr'>zweiten:</span> <span class='ocrx_word' id='word_1_124' title='bbox 889 1262 933 1294; x_wconf 72' lang='lat'>23</span> <span class='ocrx_word' id='word_1_125' title='bbox 962 1262 1055 1304; x_wconf 63' lang='lat' dir='ltr'>Cape</span> <span class='ocrx_word' id='word_1_126' title='bbox 1076 1261 1224 1294; x_wconf 62' lang='lat' dir='ltr'>lor-[eam</span> <span class='ocrx_word' id='word_1_127' title='bbox 1240 1263 1426 1294; x_wconf 69' lang='lat' dir='ltr'>fehlerhaft</span> <span class='ocrx_word' id='word_1_128' title='bbox 1443 1263 1526 1294; x_wconf 87' lang='lat' dir='ltr'>oder</span> <span class='ocrx_word' id='word_1_129' title='bbox 1543 1263 1717 1295; x_wconf 84' lang='lat' dir='ltr'>allenfalls</span> 
     </span>
     <span class='ocr_line' id='line_1_22' title="bbox 155 1309 1074 1341; baseline 0 -1"><span class='ocrx_word' id='word_1_130' title='bbox 155 1311 233 1341; x_wconf 81' lang='lat' dir='ltr'>eine</span> <span class='ocrx_word' id='word_1_131' title='bbox 258 1312 377 1341; x_wconf 85' lang='lat' dir='ltr'>zweite</span> <span class='ocrx_word' id='word_1_132' title='bbox 403 1310 600 1341; x_wconf 63' lang='lat' dir='ltr'>Vershalfte</span> <span class='ocrx_word' id='word_1_133' title='bbox 625 1319 668 1340; x_wconf 85' lang='lat' dir='ltr'>an</span> <span class='ocrx_word' id='word_1_134' title='bbox 695 1309 803 1340; x_wconf 56' lang='lat' dir='ltr'>§telle</span> <span class='ocrx_word' id='word_1_135' title='bbox 828 1310 923 1340; x_wconf 90' lang='lat' dir='ltr'>einer</span> <span class='ocrx_word' id='word_1_136' title='bbox 949 1314 1074 1340; x_wconf 78' lang='lat' dir='ltr'>ersten.</span> 
     </span>
    </p>
   </div>
   <div class='ocr_carea' id='block_1_4' title="bbox 595 1465 1285 1503">
    <p class='ocr_par' dir='ltr' id='par_1_4' title="bbox 595 1465 1285 1503">
     <span class='ocr_line' id='line_1_23' title="bbox 595 1465 1285 1503; baseline 0.001 -4"><span class='ocrx_word' id='word_1_137' title='bbox 595 1466 675 1501; x_wconf 58' lang='lat'>263.</span> <span class='ocrx_word' id='word_1_138' title='bbox 713 1466 770 1503; x_wconf 71' lang='grc'>(9.)</span> <span class='ocrx_word' id='word_1_139' title='bbox 808 1466 866 1500; x_wconf 88' lang='lat' dir='ltr'>De</span> <span class='ocrx_word' id='word_1_140' title='bbox 894 1465 1081 1501; x_wconf 79' lang='lat' dir='ltr'>Omnibus</span> <span class='ocrx_word' id='word_1_141' title='bbox 1109 1465 1285 1501; x_wconf 80' lang='lat' dir='ltr'>Sanctis.</span> 
     </span>
    </p>
   </div>
   <div class='ocr_carea' id='block_1_5' title="bbox 432 1571 1328 1844">
    <p class='ocr_par' dir='ltr' id='par_1_5' title="bbox 432 1571 1328 1844">
     <span class='ocr_line' id='line_1_24' title="bbox 432 1571 1242 1618; baseline -0.002 -8"><span class='ocrx_word' id='word_1_142' title='bbox 432 1572 467 1610; x_wconf 90' lang='lat'>1.</span> <span class='ocrx_word' id='word_1_143' title='bbox 516 1571 702 1618; x_wconf 84' lang='lat' dir='ltr'>Gaudete,</span> <span class='ocrx_word' id='word_1_144' title='bbox 735 1571 837 1615; x_wconf 83' lang='lat' dir='ltr'>iusti,</span> <span class='ocrx_word' id='word_1_145' title='bbox 869 1572 978 1608; x_wconf 89' lang='lat' dir='ltr'>mites</span> <span class='ocrx_word' id='word_1_146' title='bbox 1011 1576 1047 1607; x_wconf 89' lang='lat' dir='ltr'>et</span> <span class='ocrx_word' id='word_1_147' title='bbox 1078 1571 1242 1618; x_wconf 77' lang='lat' dir='ltr'>pacifici,</span> 
     </span>
     <span class='ocr_line' id='line_1_25' title="bbox 514 1628 1255 1674; baseline 0 -10"><span class='ocrx_word' id='word_1_148' title='bbox 514 1629 563 1665; x_wconf 88' lang='lat' dir='ltr'>Et</span> <span class='ocrx_word' id='word_1_149' title='bbox 595 1638 724 1665; x_wconf 91' lang='lat' dir='ltr'>omnes</span> <span class='ocrx_word' id='word_1_150' title='bbox 757 1628 849 1664; x_wconf 89' lang='lat' dir='ltr'>recti</span> <span class='ocrx_word' id='word_1_151' title='bbox 883 1628 998 1664; x_wconf 89' lang='lat' dir='ltr'>corde</span> <span class='ocrx_word' id='word_1_152' title='bbox 1028 1628 1255 1674; x_wconf 76' lang='lat' dir='ltr'>gloriamini,</span> 
     </span>
     <span class='ocr_line' id='line_1_26' title="bbox 515 1685 1328 1733; baseline -0.001 -11"><span class='ocrx_word' id='word_1_153' title='bbox 515 1685 673 1733; x_wconf 82' lang='lat' dir='ltr'>Semper</span> <span class='ocrx_word' id='word_1_154' title='bbox 704 1685 890 1721; x_wconf 87' lang='lat' dir='ltr'>manentis</span> <span class='ocrx_word' id='word_1_155' title='bbox 922 1695 1161 1731; x_wconf 85' lang='lat' dir='ltr'>possessores</span> <span class='ocrx_word' id='word_1_156' title='bbox 1194 1685 1328 1733; x_wconf 77' lang='lat' dir='ltr'>bravii,</span> 
     </span>
     <span class='ocr_line' id='line_1_27' title="bbox 515 1741 1218 1791; baseline -0.001 -12"><span class='ocrx_word' id='word_1_157' title='bbox 515 1742 606 1780; x_wconf 87' lang='lat' dir='ltr'>Filii</span> <span class='ocrx_word' id='word_1_158' title='bbox 640 1742 720 1787; x_wconf 78' lang='lat' dir='ltr'>Dei,</span> <span class='ocrx_word' id='word_1_159' title='bbox 756 1747 1022 1788; x_wconf 83' lang='lat' dir='ltr'>conspectores</span> <span class='ocrx_word' id='word_1_160' title='bbox 1054 1741 1218 1791; x_wconf 83' lang='lat' dir='ltr'>Domini,</span> 
     </span>
     <span class='ocr_line' id='line_1_28' title="bbox 515 1798 1210 1844; baseline 0.001 -10"><span class='ocrx_word' id='word_1_161' title='bbox 515 1798 578 1835; x_wconf 87' lang='lat' dir='ltr'>Sic</span> <span class='ocrx_word' id='word_1_162' title='bbox 608 1800 702 1835; x_wconf 89' lang='lat' dir='ltr'>ordo</span> <span class='ocrx_word' id='word_1_163' title='bbox 734 1798 834 1835; x_wconf 88' lang='lat' dir='ltr'>sacri</span> <span class='ocrx_word' id='word_1_164' title='bbox 865 1802 1028 1835; x_wconf 86' lang='lat' dir='ltr'>testatur</span> <span class='ocrx_word' id='word_1_165' title='bbox 1059 1798 1210 1844; x_wconf 84' lang='lat' dir='ltr'>eloquii.</span> 
     </span>
    </p>
   </div>
   <div class='ocr_carea' id='block_1_6' title="bbox 431 1902 453 1938">
    <p class='ocr_par' dir='ltr' id='par_1_6' title="bbox 431 1902 453 1938">
     <span class='ocr_line' id='line_1_29' title="bbox 431 1902 453 1938; textangle 90"><span class='ocrx_word' id='word_1_166' title='bbox 431 1902 453 1938; x_wconf 68' lang='lat' dir='ltr'>to</span> 
     </span>
    </p>
   </div>
   <div class='ocr_carea' id='block_1_7' title="bbox 461 1900 1358 2174">
    <p class='ocr_par' dir='ltr' id='par_1_7' title="bbox 461 1900 1358 2174">
     <span class='ocr_line' id='line_1_30' title="bbox 461 1900 1334 1947; baseline -0.001 -10"><span class='ocrx_word' id='word_1_167' title='bbox 461 1930 469 1938; x_wconf 91' lang='lat'><strong>.</strong></span> <span class='ocrx_word' id='word_1_168' title='bbox 517 1901 559 1936; x_wconf 90' lang='lat' dir='ltr'>In</span> <span class='ocrx_word' id='word_1_169' title='bbox 592 1901 698 1937; x_wconf 89' lang='lat' dir='ltr'>vobis</span> <span class='ocrx_word' id='word_1_170' title='bbox 730 1900 882 1946; x_wconf 88' lang='lat' dir='ltr'>quidem</span> <span class='ocrx_word' id='word_1_171' title='bbox 914 1904 1066 1937; x_wconf 88' lang='lat' dir='ltr'>sanctus</span> <span class='ocrx_word' id='word_1_172' title='bbox 1097 1900 1163 1936; x_wconf 89' lang='lat' dir='ltr'>ille</span> <span class='ocrx_word' id='word_1_173' title='bbox 1194 1901 1334 1947; x_wconf 82' lang='lat' dir='ltr'>iugiter</span> 
     </span>
     <span class='ocr_line' id='line_1_31' title="bbox 517 1957 1125 2003; baseline -0.002 -10"><span class='ocrx_word' id='word_1_174' title='bbox 517 1957 682 2003; x_wconf 87' lang='lat' dir='ltr'>Spiritus</span> <span class='ocrx_word' id='word_1_175' title='bbox 714 1957 881 2003; x_wconf 85' lang='lat' dir='ltr'>pietatis,</span> <span class='ocrx_word' id='word_1_176' title='bbox 914 1957 1125 2002; x_wconf 80' lang='lat' dir='ltr'>sapientiae</span> 
     </span>
     <span class='ocr_line' id='line_1_32' title="bbox 516 2014 1243 2062; baseline 0.001 -13"><span class='ocrx_word' id='word_1_177' title='bbox 516 2014 564 2050; x_wconf 90' lang='lat' dir='ltr'>Et</span> <span class='ocrx_word' id='word_1_178' title='bbox 597 2014 825 2061; x_wconf 83' lang='lat' dir='ltr'>intellectus,</span> <span class='ocrx_word' id='word_1_179' title='bbox 858 2014 1017 2062; x_wconf 86' lang='lat' dir='ltr'>timoris,</span> <span class='ocrx_word' id='word_1_180' title='bbox 1049 2014 1243 2060; x_wconf 81' lang='lat' dir='ltr'>scientiae,</span> 
     </span>
     <span class='ocr_line' id='line_1_33' title="bbox 517 2070 1144 2117; baseline 0.002 -11"><span class='ocrx_word' id='word_1_181' title='bbox 517 2070 686 2117; x_wconf 82' lang='lat' dir='ltr'>Consilii,</span> <span class='ocrx_word' id='word_1_182' title='bbox 721 2070 956 2107; x_wconf 78' lang='lat' dir='ltr'>fortitudinis</span> <span class='ocrx_word' id='word_1_183' title='bbox 989 2071 1144 2117; x_wconf 85' lang='lat' dir='ltr'>residet,</span> 
     </span>
     <span class='ocr_line' id='line_1_34' title="bbox 517 2126 1358 2174; baseline 0.001 -11"><span class='ocrx_word' id='word_1_184' title='bbox 517 2127 693 2173; x_wconf 81' lang='lat' dir='ltr'>Largiter</span> <span class='ocrx_word' id='word_1_185' title='bbox 723 2128 814 2164; x_wconf 84' lang='lat' dir='ltr'>satis</span> <span class='ocrx_word' id='word_1_186' title='bbox 846 2138 1145 2174; x_wconf 88' lang='lat' dir='ltr'>unumquemque</span> <span class='ocrx_word' id='word_1_187' title='bbox 1175 2126 1358 2164; x_wconf 85' lang='lat' dir='ltr'>imbuens.</span> 
     </span>
    </p>
   </div>
   <div class='ocr_carea' id='block_1_8' title="bbox 434 2230 1428 2503">
    <p class='ocr_par' dir='ltr' id='par_1_8' title="bbox 434 2230 1428 2503">
     <span class='ocr_line' id='line_1_35' title="bbox 434 2230 1217 2276; baseline -0.004 -7"><span class='ocrx_word' id='word_1_188' title='bbox 434 2232 470 2269; x_wconf 86' lang='lat'>3.</span> <span class='ocrx_word' id='word_1_189' title='bbox 518 2230 778 2266; x_wconf 86' lang='lat' dir='ltr'>lnenarranda</span> <span class='ocrx_word' id='word_1_190' title='bbox 809 2230 962 2267; x_wconf 89' lang='lat' dir='ltr'>Domini</span> <span class='ocrx_word' id='word_1_191' title='bbox 993 2234 1051 2267; x_wconf 84' lang='lat' dir='ltr'>est</span> <span class='ocrx_word' id='word_1_192' title='bbox 1081 2231 1217 2276; x_wconf 84' lang='lat' dir='ltr'>pietas,</span> 
     </span>
     <span class='ocr_line' id='line_1_36' title="bbox 517 2278 1268 2333; baseline 0.001 -11"><span class='ocrx_word' id='word_1_193' title='bbox 517 2286 587 2332; x_wconf 82' lang='lat' dir='ltr'>Qui</span> <span class='ocrx_word' id='word_1_194' title='bbox 618 2278 763 2322; x_wconf 75' lang='lat' dir='ltr'>tant&#39;um</span> <span class='ocrx_word' id='word_1_195' title='bbox 797 2287 921 2333; x_wconf 85' lang='lat' dir='ltr'>diligit</span> <span class='ocrx_word' id='word_1_196' title='bbox 953 2287 1068 2323; x_wconf 85' lang='lat' dir='ltr'>corda</span> <span class='ocrx_word' id='word_1_197' title='bbox 1100 2287 1268 2330; x_wconf 81' lang='lat' dir='ltr'>humilia,</span> 
     </span>
     <span class='ocr_line' id='line_1_37' title="bbox 514 2342 1221 2390; baseline 0 -10"><span class='ocrx_word' id='word_1_198' title='bbox 514 2343 566 2380; x_wconf 88' lang='lat' dir='ltr'>Ut</span> <span class='ocrx_word' id='word_1_199' title='bbox 597 2354 640 2379; x_wconf 84' lang='lat' dir='ltr'>ca</span> <span class='ocrx_word' id='word_1_200' title='bbox 672 2344 823 2390; x_wconf 87' lang='lat' dir='ltr'>replens</span> <span class='ocrx_word' id='word_1_201' title='bbox 854 2342 1067 2389; x_wconf 77' lang='lat' dir='ltr'>septiformi</span> <span class='ocrx_word' id='word_1_202' title='bbox 1099 2344 1221 2390; x_wconf 85' lang='lat' dir='ltr'>gratia</span> 
     </span>
     <span class='ocr_line' id='line_1_38' title="bbox 518 2399 1201 2445; baseline 0.001 -10"><span class='ocrx_word' id='word_1_203' title='bbox 518 2399 682 2445; x_wconf 87' lang='lat' dir='ltr'>Spiritus</span> <span class='ocrx_word' id='word_1_204' title='bbox 714 2400 772 2436; x_wconf 88' lang='lat' dir='ltr'>sui</span> <span class='ocrx_word' id='word_1_205' title='bbox 804 2400 942 2436; x_wconf 79' lang='lat' dir='ltr'>condat</span> <span class='ocrx_word' id='word_1_206' title='bbox 972 2400 1201 2445; x_wconf 82' lang='lat' dir='ltr'>habitacula,</span> 
     </span>
     <span class='ocr_line' id='line_1_39' title="bbox 520 2455 1428 2503; baseline 0.003 -11"><span class='ocrx_word' id='word_1_207' title='bbox 520 2455 633 2492; x_wconf 79' lang='lat' dir='ltr'>Cuius</span> <span class='ocrx_word' id='word_1_208' title='bbox 665 2461 720 2492; x_wconf 87' lang='lat' dir='ltr'>est</span> <span class='ocrx_word' id='word_1_209' title='bbox 753 2456 898 2492; x_wconf 86' lang='lat' dir='ltr'>fructus</span> <span class='ocrx_word' id='word_1_210' title='bbox 930 2457 1120 2503; x_wconf 74' lang='lat' dir='ltr'>gaudium,</span> <span class='ocrx_word' id='word_1_211' title='bbox 1154 2469 1241 2503; x_wconf 70' lang='lat' dir='ltr'>pax,</span> <span class='ocrx_word' id='word_1_212' title='bbox 1277 2456 1428 2495; x_wconf 79' lang='lat' dir='ltr'>caritas.</span> 
     </span>
    </p>
   </div>
   <div class='ocr_carea' id='block_1_9' title="bbox 435 2556 1373 2832">
    <p class='ocr_par' dir='ltr' id='par_1_9' title="bbox 435 2556 1373 2832">
     <span class='ocr_line' id='line_1_40' title="bbox 435 2556 1228 2605; baseline 0.001 -11"><span class='ocrx_word' id='word_1_213' title='bbox 435 2559 473 2596; x_wconf 84' lang='lat'>4.</span> <span class='ocrx_word' id='word_1_214' title='bbox 521 2556 663 2593; x_wconf 82' lang='lat' dir='ltr'>Sternit</span> <span class='ocrx_word' id='word_1_215' title='bbox 695 2559 806 2604; x_wconf 79' lang='lat' dir='ltr'>elata,</span> <span class='ocrx_word' id='word_1_216' title='bbox 841 2557 968 2595; x_wconf 83' lang='lat' dir='ltr'>fundit</span> <span class='ocrx_word' id='word_1_217' title='bbox 997 2558 1228 2605; x_wconf 84' lang='lat' dir='ltr'>arrogantia,</span> 
     </span>
     <span class='ocr_line' id='line_1_41' title="bbox 520 2613 1244 2664; baseline 0.003 -16"><span class='ocrx_word' id='word_1_218' title='bbox 520 2613 683 2650; x_wconf 86' lang='lat' dir='ltr'>Brachio</span> <span class='ocrx_word' id='word_1_219' title='bbox 715 2627 780 2651; x_wconf 82' lang='lat' dir='ltr'>suo</span> <span class='ocrx_word' id='word_1_220' title='bbox 813 2615 974 2651; x_wconf 80' lang='lat' dir='ltr'>conterit</span> <span class='ocrx_word' id='word_1_221' title='bbox 1004 2615 1244 2664; x_wconf 76' lang='lat' dir='ltr'>praelustria,</span> 
     </span>
     <span class='ocr_line' id='line_1_42' title="bbox 520 2669 1373 2716; baseline 0.002 -10"><span class='ocrx_word' id='word_1_222' title='bbox 520 2669 582 2706; x_wconf 80' lang='lat' dir='ltr'>Sic</span> <span class='ocrx_word' id='word_1_223' title='bbox 613 2672 799 2716; x_wconf 85' lang='lat' dir='ltr'>quondam</span> <span class='ocrx_word' id='word_1_224' title='bbox 832 2683 975 2708; x_wconf 88' lang='lat' dir='ltr'>summa</span> <span class='ocrx_word' id='word_1_225' title='bbox 1007 2671 1221 2708; x_wconf 88' lang='lat' dir='ltr'>redimitum</span> <span class='ocrx_word' id='word_1_226' title='bbox 1254 2671 1373 2715; x_wconf 79' lang='lat' dir='ltr'>gloria</span> 
     </span>
     <span class='ocr_line' id='line_1_43' title="bbox 520 2726 1297 2775; baseline 0.003 -14"><span class='ocrx_word' id='word_1_227' title='bbox 520 2726 595 2762; x_wconf 89' lang='lat' dir='ltr'>Pro</span> <span class='ocrx_word' id='word_1_228' title='bbox 627 2727 707 2764; x_wconf 89' lang='lat' dir='ltr'>sola</span> <span class='ocrx_word' id='word_1_229' title='bbox 737 2732 881 2764; x_wconf 89' lang='lat' dir='ltr'>tantum</span> <span class='ocrx_word' id='word_1_230' title='bbox 913 2728 1086 2775; x_wconf 86' lang='lat' dir='ltr'>angelum</span> <span class='ocrx_word' id='word_1_231' title='bbox 1118 2727 1297 2773; x_wconf 87' lang='lat' dir='ltr'>superbia</span> 
     </span>
     <span class='ocr_line' id='line_1_44' title="bbox 521 2782 1150 2832; baseline 0.002 -12"><span class='ocrx_word' id='word_1_232' title='bbox 521 2782 723 2820; x_wconf 85' lang='lat' dir='ltr'>Felicitate</span> <span class='ocrx_word' id='word_1_233' title='bbox 755 2785 921 2830; x_wconf 80' lang='lat' dir='ltr'>reppulit</span> <span class='ocrx_word' id='word_1_234' title='bbox 951 2788 1150 2832; x_wconf 81' lang='lat' dir='ltr'>perpetua.</span> 
     </span>
    </p>
   </div>
  </div>
 </body>
</html>
