1785 3111
806 62 1113 102 —258—

473 178 536 216 13.
567 176 634 213 Bis
666 180 799 222 quater
828 175 982 213 summis
1013 175 1224 226 speciebus,
1257 186 1356 221 ecce,

567 232 769 269 Praeditus
800 232 978 279 splendet
1008 237 1118 280 pater
1147 232 1210 269 hic
1242 232 1386 279 beatus,

567 288 750 328 Omnibus
779 289 887 326 nobis
919 290 1066 326 veniam
1098 289 1280 336 benignus

675 344 855 382 Conferat
884 345 998 385 idem.

472 426 536 463 14.
569 424 663 461 Inde
688 435 788 461 nunc
818 424 914 461 caeli
944 424 1104 461 rutilans
1135 424 1174 461 in
1205 425 1291 462 aula

569 480 671 518 Civis
701 486 878 518 aeternae
908 481 1106 528 sociusque
1135 485 1281 518 turmae

571 537 712 574 Nostra
742 537 916 584 placatus
946 538 1032 584 pius
1063 542 1100 574 et
1131 537 1314 585 benignus

679 593 848 631 Crimina
878 598 1013 641 tergat.

472 676 537 714 15.
571 675 745 712 Praestet
775 673 846 710 hoc
876 673 986 710 nobis
1017 673 1166 720 genitor
1195 673 1374 720 perennis

569 730 691 768 Natus
723 734 760 766 et
789 730 924 776 plenus
955 729 1071 776 patrii
1103 729 1244 777 vigoris

569 786 735 834 Spiritus
767 787 889 823 sancti
919 786 1142 824 moderante
1171 790 1322 823 nostros

677 843 836 880 Lumine
866 854 1011 881 sensuS.

277 934 382 973 Trop.
409 944 473 965 ms,
492 933 719 974 Sangallense
745 943 835 964 saeC.
866 929 916 964 10.
959 932 1042 965 Cod.
1068 932 1271 975 Sangallen.
1289 929 1366 964 381.
1383 949 1428 953 —-
1444 933 1522 963 Von
1541 932 1744 973 Schubiger,

187 980 243 1011 die
270 978 524 1020 sangerschule
551 979 600 1010 St.
626 978 789 1017 Gallens‚
822 977 857 1009 S.
882 975 936 1016 38,
963 977 1050 1009 doch
1076 977 1164 1009 ohne
1189 978 1335 1019 Angabe
1359 977 1475 1008 seiner
1498 977 1639 1010 Griinde
1663 977 1746 1009 Rat-

187 1030 304 1067 pertus
339 1024 612 1066 zugesehrieben
643 1023 713 1054 und
747 1023 836 1055 auch
867 1034 936 1054 von
969 1023 1165 1061 Diimmler,
1198 1024 1312 1055 Neues
1349 1022 1477 1054 Archiv
1502 1023 1562 1061 IV,
1593 1020 1660 1054 542
1683 1023 1747 1061 (als

188 1072 247 1102 Nr.
275 1069 318 1109 X)
341 1074 442 1101 unter
467 1070 654 1111 Ratpertus
678 1069 870 1101 Gedichten
895 1068 1104 1110 aufgefiihrt.
1148 1069 1207 1100 Bei
1233 1069 1407 1106 Canisius,
1433 1069 1543 1100 Lectt.
1570 1069 1688 1110 Antiq.
1706 1069 1747 1106 V,

187 1114 253 1147 750
278 1116 330 1147 als
358 1116 509 1156 „Versus
534 1115 741 1156 Ratperti
767 1114 809 1146 de
833 1117 953 1145 sancto
978 1111 1141 1155 Magn0“.

354 1236 435 1272 194.
472 1237 530 1279 (7.)
564 1236 609 1270 111
635 1236 898 1281 susceptione
923 1236 1201 1280 Reliquiarum
1226 1236 1357 1272 sancti
1382 1235 1533 1279 Magni.

206 1334 243 1371 1.
277 1333 356 1370 Iam
389 1330 514 1369 fidelis
535 1330 657 1379 'turba
688 1329 848 1367 fratrum
1020 1333 1058 1370 4.
1092 1330 1193 1369 Hinc
1223 1330 1415 1368 exsultent
1444 1334 1547 1369 astra
1579 1329 1674 1367 caeli

332 1398 423 1425 voce
455 1387 557 1425 dulci
589 1392 779 1436 consonet,
1151 1387 1368 1434 lacteusque
1399 1387 1574 1433 circulus,

278 1445 469 1494 Hymnum
503 1443 606 1481 dicat
637 1448 673 1480 et
704 1454 838 1481 serena
1095 1444 1210 1490 Signa
1241 1449 1319 1481 tum
1350 1443 1408 1480 bis
1439 1454 1530 1481 sena
1559 1444 1700 1481 saltent

332 1502 521 1548 partiatur
553 1501 737 1549 dramata,
1151 1505 1188 1537 et
1219 1511 1357 1538 corona
1394 1500 1532 1538 nobilis

277 1559 397 1595 Dulce
427 1557 575 1605 pondus
607 1562 643 1594 et
673 1557 823 1595 beatum
1096 1557 1333 1604 Ornatusque
1364 1561 1464 1594 totus
1495 1557 1566 1594 soli

334 1615 372 1652 in
403 1615 538 1651 lectica
571 1612 762 1652 deferens
1153 1614 1341 1651 conditori
1373 1614 1557 1660 cognitus.

209 1697 246 1733 2.
281 1694 474 1731 Scandens
505 1698 542 1730 et
574 1693 781 1730 descendes
813 1693 913 1730 inter
1029 1696 1066 1732 5.
1099 1693 1178 1730 Nos
1208 1695 1366 1729 istorum
1398 1703 1550 1739 semper
1579 1693 1683 1730 clara

336 1750 518 1788 montium
551 1749 713 1787 confinia
1154 1750 1344 1786 consecuti
1376 1749 1503 1786 munia

280 1807 468 1845 Silvarum
499 1806 705 1843 scrutando
736 1806 820 1843 loca
1100 1806 1301 1843 Sanctitati
1332 1810 1460 1844 tantae
1492 1810 1605 1843 cantu

337 1864 568 1910 valliumque
597 1873 774 1909 concava,
1153 1873 1398 1909 personemus
1429 1862 1616 1909 bombico,

284 1920 419 1957 Nullus
451 1930 587 1966 expers
617 1925 657 1956 ut
688 1920 792 1956 locus
824 1919 872 1955 sit
1096 1919 1293 1957 Exaudire
1323 1920 1423 1966 quod
1456 1919 1619 1956 delectet

338 1977 447 2013 istius
479 1977 684 2016 solaminis.
1154 1976 1278 2013 cuncti
1308 1976 1458 2022 plasten
1488 1975 1642 2014 saeculi.

214 2058 253 2093 3.
288 2057 440 2102 lamque
481 2055 624 2092 caelum
660 2054 808 2101 iamque
840 2059 942 2091 terra
1028 2055 1064 2092 6.
1097 2054 1168 2091 His
1199 2054 1360 2104 inceptis
1389 2054 1484 2093 assit
1513 2054 1613 2092 alma

342 2112 491 2158 iamque
522 2117 658 2158 pontus
689 2111 866 2148 laudibus
1156 2109 1249 2147 felix
1280 2115 1317 2147 et
1347 2110 1552 2161 theotocos,

287 2169 477 2205 I'laudant
508 2174 621 2214 atque
652 2168 942 2214 circumquaque
1098 2167 1204 2205 Assit
1238 2168 1384 2217 Petrus,
1416 2167 1515 2205 hunc
1546 2170 1725 2213 sequatur

342 2235 413 2261 vox
446 2225 581 2261 emissa
613 2225 787 2271 plebibus
1155 2224 1277 2260 omnis
1308 2231 1420 2270 atque
1449 2224 1657 2271 apostolus,

289 2284 493 2318 Auctorem
525 2288 745 2328 patremque
776 2281 873 2318 tanti
1102 2280 1255 2327 Martyr
1286 2286 1320 2316 et
1355 2278 1550 2317 confessor
1579 2285 1692 2326 atque

345 2342 495 2383 tamque
527 2338 621 2374 clari
652 2338 818 2375 luminis.
1159 2337 1271 2374 turba
1302 2341 1434 2374 sancta
1465 2337 1663 2383 virginum.

597 2418 631 2455 7.
675 2417 784 2453 Nunc
815 2416 1035 2462 redemptor
1065 2420 1101 2452 et
1134 2420 1295 2462 creator,

744 2477 876 2510 auctor
907 2473 987 2510 veri
1018 2472 1158 2519 gaudii,

676 2530 881 2576 Largiatur
912 2540 1037 2575 aptam
1072 2529 1180 2565 nobis

744 2586 893 2623 virtutis
925 2585 1113 2632 fiduciam,

678 2643 727 2679 Ut
760 2642 830 2679 sibi
864 2642 1025 2678 volendo
1058 2642 1167 2688 digna

745 2705 938 2744 captemus
968 2701 1162 2744 perennia.

294 2789 397 2828 Trop.
424 2798 484 2819 ms.
512 2787 737 2828 Sangallense
764 2798 851 2819 saec.
882 2786 930 2820 10.
980 2787 1062 2819 Cod.
1090 2785 1289 2828 Sangallen.
1315 2784 1391 2817 381.
