<?xml version="1.0" encoding="UTF-8"?>
<!DOCTYPE html PUBLIC "-//W3C//DTD XHTML 1.0 Transitional//EN"
    "http://www.w3.org/TR/xhtml1/DTD/xhtml1-transitional.dtd">
<html xmlns="http://www.w3.org/1999/xhtml" xml:lang="en" lang="en">
 <head>
  <title>
</title>
<meta http-equiv="Content-Type" content="text/html;charset=utf-8" />
  <meta name='ocr-system' content='tesseract 3.04.00' />
  <meta name='ocr-capabilities' content='ocr_page ocr_carea ocr_par ocr_line ocrx_word'/>
</head>
<body>
  <div class='ocr_page' id='page_1' title='image "./analectahymnicam50drevuoft/analectahymnicam50drevuoft_0428.png"; bbox 0 0 1785 3111; ppageno 0'>
   <div class='ocr_carea' id='block_1_1' title="bbox 751 72 1058 112">
    <p class='ocr_par' dir='ltr' id='par_1_1' title="bbox 751 72 1058 112">
     <span class='ocr_line' id='line_1_1' title="bbox 751 72 1058 112; baseline -0.007 -1"><span class='ocrx_word' id='word_1_1' title='bbox 751 96 803 99; x_wconf 78' lang='lat'><em>-</em></span> <span class='ocrx_word' id='word_1_2' title='bbox 862 72 945 112; x_wconf 68' lang='lat'>406</span> <span class='ocrx_word' id='word_1_3' title='bbox 1003 95 1058 99; x_wconf 84' lang='lat'>—-</span> 
     </span>
    </p>
   </div>
   <div class='ocr_carea' id='block_1_2' title="bbox 479 238 1354 340">
    <p class='ocr_par' dir='ltr' id='par_1_2' title="bbox 479 238 1354 340">
     <span class='ocr_line' id='line_1_2' title="bbox 479 238 1354 282; baseline 0.001 -9"><span class='ocrx_word' id='word_1_4' title='bbox 479 239 560 275; x_wconf 70' lang='lat'>315.</span> <span class='ocrx_word' id='word_1_5' title='bbox 597 239 654 281; x_wconf 80' lang='grc'>(2)</span> <span class='ocrx_word' id='word_1_6' title='bbox 689 240 747 274; x_wconf 86' lang='lat' dir='ltr'>De</span> <span class='ocrx_word' id='word_1_7' title='bbox 775 240 917 274; x_wconf 79' lang='lat' dir='ltr'>sancta</span> <span class='ocrx_word' id='word_1_8' title='bbox 942 238 1073 274; x_wconf 82' lang='lat' dir='ltr'>Maria</span> <span class='ocrx_word' id='word_1_9' title='bbox 1098 239 1354 282; x_wconf 70' lang='lat' dir='ltr'><strong>magdalena.</strong></span> 
     </span>
     <span class='ocr_line' id='line_1_3' title="bbox 780 297 1041 340; baseline -0.008 -10"><span class='ocrx_word' id='word_1_10' title='bbox 780 298 832 330; x_wconf 83' lang='lat' dir='ltr'>Ad</span> <span class='ocrx_word' id='word_1_11' title='bbox 858 297 1041 340; x_wconf 84' lang='lat' dir='ltr'>Vesperas.</span> 
     </span>
    </p>
   </div>
   <div class='ocr_carea' id='block_1_3' title="bbox 176 377 1660 1287">
    <p class='ocr_par' dir='ltr' id='par_1_3' title="bbox 179 377 1660 597">
     <span class='ocr_line' id='line_1_4' title="bbox 179 377 1655 425; baseline -0.001 -8"><span class='ocrx_word' id='word_1_12' title='bbox 179 381 213 417; x_wconf 85' lang='lat'>1.</span> <span class='ocrx_word' id='word_1_13' title='bbox 246 379 371 416; x_wconf 81' lang='lat' dir='ltr'>Maria</span> <span class='ocrx_word' id='word_1_14' title='bbox 402 379 670 425; x_wconf 86' lang='lat' dir='ltr'>paenitentiae,</span> <span class='ocrx_word' id='word_1_15' title='bbox 996 380 1036 416; x_wconf 83' lang='lat'>4.</span> <span class='ocrx_word' id='word_1_16' title='bbox 1067 378 1174 415; x_wconf 85' lang='lat' dir='ltr'>Haec</span> <span class='ocrx_word' id='word_1_17' title='bbox 1203 377 1355 414; x_wconf 84' lang='lat' dir='ltr'>infirma</span> <span class='ocrx_word' id='word_1_18' title='bbox 1385 379 1434 415; x_wconf 86' lang='lat' dir='ltr'>ad</span> <span class='ocrx_word' id='word_1_19' title='bbox 1467 378 1655 416; x_wconf 89' lang='lat' dir='ltr'>medicum</span> 
     </span>
     <span class='ocr_line' id='line_1_5' title="bbox 247 435 1649 484; baseline -0.001 -12"><span class='ocrx_word' id='word_1_20' title='bbox 247 436 387 472; x_wconf 88' lang='lat' dir='ltr'>Forma</span> <span class='ocrx_word' id='word_1_21' title='bbox 419 436 550 484; x_wconf 78' lang='lat' dir='ltr'>lapsis,</span> <span class='ocrx_word' id='word_1_22' title='bbox 585 446 671 482; x_wconf 89' lang='lat' dir='ltr'>spes</span> <span class='ocrx_word' id='word_1_23' title='bbox 704 436 850 482; x_wconf 86' lang='lat' dir='ltr'>veniae,</span> <span class='ocrx_word' id='word_1_24' title='bbox 1065 435 1180 472; x_wconf 85' lang='lat' dir='ltr'>Venit</span> <span class='ocrx_word' id='word_1_25' title='bbox 1210 445 1395 482; x_wconf 87' lang='lat' dir='ltr'>quaerens</span> <span class='ocrx_word' id='word_1_26' title='bbox 1428 435 1649 480; x_wconf 88' lang='lat' dir='ltr'>remedium,</span> 
     </span>
     <span class='ocr_line' id='line_1_6' title="bbox 247 491 1660 542; baseline -0.001 -12"><span class='ocrx_word' id='word_1_27' title='bbox 247 492 301 530; x_wconf 86' lang='lat' dir='ltr'>Ut</span> <span class='ocrx_word' id='word_1_28' title='bbox 332 503 398 529; x_wconf 87' lang='lat' dir='ltr'>nos</span> <span class='ocrx_word' id='word_1_29' title='bbox 430 496 563 529; x_wconf 77' lang='lat' dir='ltr'>auctor</span> <span class='ocrx_word' id='word_1_30' title='bbox 594 492 775 530; x_wconf 84' lang='lat' dir='ltr'>bonitatis</span> <span class='ocrx_word' id='word_1_31' title='bbox 1067 492 1338 542; x_wconf 85' lang='lat' dir='ltr'>Prosternitur,</span> <span class='ocrx_word' id='word_1_32' title='bbox 1372 502 1446 528; x_wconf 90' lang='lat' dir='ltr'>non</span> <span class='ocrx_word' id='word_1_33' title='bbox 1478 491 1660 542; x_wconf 85' lang='lat' dir='ltr'>loquitur,</span> 
     </span>
     <span class='ocr_line' id='line_1_7' title="bbox 245 547 1592 597; baseline -0.001 -12"><span class='ocrx_word' id='word_1_34' title='bbox 245 549 327 586; x_wconf 87' lang='lat' dir='ltr'>Iam</span> <span class='ocrx_word' id='word_1_35' title='bbox 359 549 527 595; x_wconf 86' lang='lat' dir='ltr'>sepultos</span> <span class='ocrx_word' id='word_1_36' title='bbox 558 550 594 585; x_wconf 92' lang='lat' dir='ltr'>in</span> <span class='ocrx_word' id='word_1_37' title='bbox 627 549 794 594; x_wconf 84' lang='lat' dir='ltr'>peccatis</span> <span class='ocrx_word' id='word_1_38' title='bbox 1066 548 1141 585; x_wconf 89' lang='lat' dir='ltr'>Sed</span> <span class='ocrx_word' id='word_1_39' title='bbox 1172 549 1339 585; x_wconf 79' lang='lat' dir='ltr'>lacrimis</span> <span class='ocrx_word' id='word_1_40' title='bbox 1372 547 1592 597; x_wconf 69' lang='lat' dir='ltr'>confitetur,</span> 
     </span>
    </p>

    <p class='ocr_par' dir='ltr' id='par_1_4' title="bbox 303 605 1525 654">
     <span class='ocr_line' id='line_1_8' title="bbox 303 605 1525 654; baseline -0.002 -11"><span class='ocrx_word' id='word_1_41' title='bbox 303 606 531 654; x_wconf 83' lang='lat' dir='ltr'>Resuscitet,</span> <span class='ocrx_word' id='word_1_42' title='bbox 565 605 706 644; x_wconf 84' lang='lat' dir='ltr'>obtine.</span> <span class='ocrx_word' id='word_1_43' title='bbox 1123 605 1185 642; x_wconf 85' lang='lat' dir='ltr'>Sic</span> <span class='ocrx_word' id='word_1_44' title='bbox 1217 606 1293 652; x_wconf 82' lang='lat' dir='ltr'>agit</span> <span class='ocrx_word' id='word_1_45' title='bbox 1323 605 1525 651; x_wconf 82' lang='lat' dir='ltr'>negotium.</span> 
     </span>
    </p>

    <p class='ocr_par' dir='ltr' id='par_1_5' title="bbox 179 696 1555 802">
     <span class='ocr_line' id='line_1_9' title="bbox 179 696 1495 747; baseline -0.001 -13"><span class='ocrx_word' id='word_1_46' title='bbox 179 699 215 734; x_wconf 71' lang='lat'>2.</span> <span class='ocrx_word' id='word_1_47' title='bbox 250 697 326 734; x_wconf 84' lang='lat' dir='ltr'>Ora</span> <span class='ocrx_word' id='word_1_48' title='bbox 356 708 426 743; x_wconf 90' lang='lat' dir='ltr'>pro</span> <span class='ocrx_word' id='word_1_49' title='bbox 457 697 625 743; x_wconf 87' lang='lat' dir='ltr'>peccatis</span> <span class='ocrx_word' id='word_1_50' title='bbox 656 697 808 747; x_wconf 86' lang='lat' dir='ltr'>nostris,</span> <span class='ocrx_word' id='word_1_51' title='bbox 997 700 1032 736; x_wconf 88' lang='lat'>5.</span> <span class='ocrx_word' id='word_1_52' title='bbox 1066 697 1204 735; x_wconf 88' lang='lat' dir='ltr'>Plenus</span> <span class='ocrx_word' id='word_1_53' title='bbox 1234 696 1495 733; x_wconf 79' lang='lat' dir='ltr'>misericordia</span> 
     </span>
     <span class='ocr_line' id='line_1_10' title="bbox 249 753 1555 802; baseline 0.001 -13"><span class='ocrx_word' id='word_1_54' title='bbox 249 753 461 790; x_wconf 80' lang='lat' dir='ltr'>Iustificata</span> <span class='ocrx_word' id='word_1_55' title='bbox 492 754 699 802; x_wconf 76' lang='lat' dir='ltr'>peccatrix,</span> <span class='ocrx_word' id='word_1_56' title='bbox 1066 753 1143 790; x_wconf 85' lang='lat' dir='ltr'>Dat</span> <span class='ocrx_word' id='word_1_57' title='bbox 1174 754 1343 790; x_wconf 86' lang='lat' dir='ltr'>medicus</span> <span class='ocrx_word' id='word_1_58' title='bbox 1374 753 1555 800; x_wconf 86' lang='lat' dir='ltr'>remedia,</span> 
     </span>
    </p>

    <p class='ocr_par' dir='ltr' id='par_1_6' title="bbox 247 809 1621 970">
     <span class='ocr_line' id='line_1_11' title="bbox 247 809 1546 857; baseline 0 -11"><span class='ocrx_word' id='word_1_59' title='bbox 247 810 304 847; x_wconf 89' lang='lat' dir='ltr'>Eo</span> <span class='ocrx_word' id='word_1_60' title='bbox 336 810 473 846; x_wconf 89' lang='lat' dir='ltr'>mentis</span> <span class='ocrx_word' id='word_1_61' title='bbox 504 810 643 857; x_wconf 78' lang='lat' dir='ltr'>studio,</span> <span class='ocrx_word' id='word_1_62' title='bbox 1066 810 1182 847; x_wconf 82' lang='lat' dir='ltr'>Nulla</span> <span class='ocrx_word' id='word_1_63' title='bbox 1213 809 1357 856; x_wconf 87' lang='lat' dir='ltr'>respuit</span> <span class='ocrx_word' id='word_1_64' title='bbox 1389 810 1546 846; x_wconf 85' lang='lat' dir='ltr'>vulnera</span> 
     </span>
     <span class='ocr_line' id='line_1_12' title="bbox 247 866 1545 916; baseline 0 -13"><span class='ocrx_word' id='word_1_65' title='bbox 247 868 326 913; x_wconf 78' lang='lat' dir='ltr'>Quo</span> <span class='ocrx_word' id='word_1_66' title='bbox 359 871 525 910; x_wconf 72' lang='lat' dir='ltr'>aeterno,</span> <span class='ocrx_word' id='word_1_67' title='bbox 560 867 656 916; x_wconf 69' lang='lat' dir='ltr'>vivo,</span> <span class='ocrx_word' id='word_1_68' title='bbox 691 877 779 904; x_wconf 91' lang='lat' dir='ltr'>vero</span> <span class='ocrx_word' id='word_1_69' title='bbox 1066 867 1313 913; x_wconf 79' lang='lat' dir='ltr'>Omnipotens</span> <span class='ocrx_word' id='word_1_70' title='bbox 1345 866 1545 910; x_wconf 86' lang='lat' dir='ltr'>medicina,</span> 
     </span>
     <span class='ocr_line' id='line_1_13' title="bbox 307 923 1621 970; baseline 0.002 -11"><span class='ocrx_word' id='word_1_71' title='bbox 307 923 541 970; x_wconf 80' lang='lat' dir='ltr'>Supplicasti</span> <span class='ocrx_word' id='word_1_72' title='bbox 572 924 747 961; x_wconf 90' lang='lat' dir='ltr'>Domino.</span> <span class='ocrx_word' id='word_1_73' title='bbox 1123 925 1175 960; x_wconf 79' lang='lat' dir='ltr'>At</span> <span class='ocrx_word' id='word_1_74' title='bbox 1206 924 1287 960; x_wconf 58' lang='lat' dir='ltr'>vult</span> <span class='ocrx_word' id='word_1_75' title='bbox 1319 924 1444 960; x_wconf 87' lang='lat' dir='ltr'>cordis</span> <span class='ocrx_word' id='word_1_76' title='bbox 1475 923 1621 963; x_wconf 85' lang='lat' dir='ltr'>intima.</span> 
     </span>
    </p>

    <p class='ocr_par' dir='ltr' id='par_1_7' title="bbox 176 1013 1636 1232">
     <span class='ocr_line' id='line_1_14' title="bbox 176 1013 1625 1061; baseline -0.002 -8"><span class='ocrx_word' id='word_1_77' title='bbox 176 1016 213 1053; x_wconf 88' lang='lat'>3.</span> <span class='ocrx_word' id='word_1_78' title='bbox 247 1013 426 1060; x_wconf 70' lang='lat' dir='ltr'>Irrigavit</span> <span class='ocrx_word' id='word_1_79' title='bbox 457 1018 505 1061; x_wconf 84' lang='lat' dir='ltr'>te,</span> <span class='ocrx_word' id='word_1_80' title='bbox 538 1014 676 1059; x_wconf 84' lang='lat' dir='ltr'>Maria,</span> <span class='ocrx_word' id='word_1_81' title='bbox 998 1016 1033 1054; x_wconf 85' lang='grc'>6,</span> <span class='ocrx_word' id='word_1_82' title='bbox 1068 1013 1186 1052; x_wconf 87' lang='lat' dir='ltr'>Offert</span> <span class='ocrx_word' id='word_1_83' title='bbox 1218 1014 1311 1050; x_wconf 85' lang='lat' dir='ltr'>haec</span> <span class='ocrx_word' id='word_1_84' title='bbox 1341 1014 1625 1060; x_wconf 84' lang='lat' dir='ltr'>paenitentiam,</span> 
     </span>
     <span class='ocr_line' id='line_1_15' title="bbox 248 1069 1636 1118; baseline 0 -11"><span class='ocrx_word' id='word_1_85' title='bbox 248 1070 391 1107; x_wconf 77' lang='lat' dir='ltr'>Christi</span> <span class='ocrx_word' id='word_1_86' title='bbox 424 1070 577 1117; x_wconf 82' lang='lat' dir='ltr'>pietatis</span> <span class='ocrx_word' id='word_1_87' title='bbox 607 1071 731 1118; x_wconf 76' lang='lat' dir='ltr'>unda3</span> <span class='ocrx_word' id='word_1_88' title='bbox 1064 1071 1137 1108; x_wconf 90' lang='lat' dir='ltr'>Hic</span> <span class='ocrx_word' id='word_1_89' title='bbox 1169 1069 1316 1108; x_wconf 81' lang='lat' dir='ltr'>confert</span> <span class='ocrx_word' id='word_1_90' title='bbox 1346 1071 1636 1118; x_wconf 81' lang='lat' dir='ltr'>indulgentiam,</span> 
     </span>
     <span class='ocr_line' id='line_1_16' title="bbox 245 1127 1599 1174; baseline 0.001 -12"><span class='ocrx_word' id='word_1_91' title='bbox 245 1127 315 1173; x_wconf 81' lang='lat' dir='ltr'>Qui</span> <span class='ocrx_word' id='word_1_92' title='bbox 349 1130 385 1163; x_wconf 91' lang='grc'>10</span> <span class='ocrx_word' id='word_1_93' title='bbox 416 1127 510 1164; x_wconf 67' lang='lat' dir='ltr'>lavit</span> <span class='ocrx_word' id='word_1_94' title='bbox 542 1133 578 1164; x_wconf 88' lang='lat' dir='ltr'>et</span> <span class='ocrx_word' id='word_1_95' title='bbox 611 1127 820 1173; x_wconf 72' lang='lat' dir='ltr'>mundavit,</span> <span class='ocrx_word' id='word_1_96' title='bbox 1064 1129 1189 1174; x_wconf 79' lang='lat' dir='ltr'>Fugat</span> <span class='ocrx_word' id='word_1_97' title='bbox 1220 1132 1364 1174; x_wconf 88' lang='lat' dir='ltr'>septem</span> <span class='ocrx_word' id='word_1_98' title='bbox 1398 1128 1599 1165; x_wconf 81' lang='lat' dir='ltr'>daemonia</span> 
     </span>
     <span class='ocr_line' id='line_1_17' title="bbox 245 1183 1534 1232; baseline 0.001 -12"><span class='ocrx_word' id='word_1_99' title='bbox 245 1183 323 1220; x_wconf 85' lang='lat' dir='ltr'>Nos</span> <span class='ocrx_word' id='word_1_100' title='bbox 356 1183 485 1220; x_wconf 83' lang='lat' dir='ltr'>abluat</span> <span class='ocrx_word' id='word_1_101' title='bbox 518 1196 538 1220; x_wconf 87' lang='lat' dir='ltr'>a</span> <span class='ocrx_word' id='word_1_102' title='bbox 570 1185 737 1232; x_wconf 83' lang='lat' dir='ltr'>peccatis</span> <span class='ocrx_word' id='word_1_103' title='bbox 1064 1183 1306 1231; x_wconf 83' lang='lat' dir='ltr'>Septiformis</span> <span class='ocrx_word' id='word_1_104' title='bbox 1333 1185 1534 1221; x_wconf 85' lang='lat' dir='ltr'>clementia</span> 
     </span>
    </p>

    <p class='ocr_par' dir='ltr' id='par_1_8' title="bbox 303 1240 1553 1287">
     <span class='ocr_line' id='line_1_18' title="bbox 303 1240 1553 1287; baseline 0.002 -11"><span class='ocrx_word' id='word_1_105' title='bbox 303 1240 483 1277; x_wconf 73' lang='lat' dir='ltr'>Caritatis</span> <span class='ocrx_word' id='word_1_106' title='bbox 515 1241 650 1287; x_wconf 82' lang='lat' dir='ltr'>gratia.</span> <span class='ocrx_word' id='word_1_107' title='bbox 1119 1243 1152 1278; x_wconf 93' lang='lat' dir='ltr'>A</span> <span class='ocrx_word' id='word_1_108' title='bbox 1186 1252 1369 1278; x_wconf 72' lang='lat' dir='ltr'>conversa</span> <span class='ocrx_word' id='word_1_109' title='bbox 1400 1240 1553 1279; x_wconf 85' lang='lat' dir='ltr'>femina.</span> 
     </span>
    </p>
   </div>
   <div class='ocr_carea' id='block_1_4' title="bbox 538 1331 1220 1607">
    <p class='ocr_par' dir='ltr' id='par_1_9' title="bbox 538 1331 1220 1607">
     <span class='ocr_line' id='line_1_19' title="bbox 538 1331 1066 1381; baseline -0.002 -12"><span class='ocrx_word' id='word_1_110' title='bbox 538 1377 541 1381; x_wconf 19' lang='grc' dir='ltr'>ι</span> <span class='ocrx_word' id='word_1_111' title='bbox 578 1332 613 1370; x_wconf 84' lang='grc'>7.</span> <span class='ocrx_word' id='word_1_112' title='bbox 647 1332 880 1369; x_wconf 86' lang='lat' dir='ltr'>Paenitentis</span> <span class='ocrx_word' id='word_1_113' title='bbox 915 1331 1066 1369; x_wconf 76' lang='lat' dir='ltr'>devotio</span> 
     </span>
     <span class='ocr_line' id='line_1_20' title="bbox 647 1388 1096 1426; baseline 0 -1"><span class='ocrx_word' id='word_1_114' title='bbox 647 1390 893 1426; x_wconf 87' lang='lat' dir='ltr'>Peccatorum</span> <span class='ocrx_word' id='word_1_115' title='bbox 925 1388 1096 1425; x_wconf 82' lang='lat' dir='ltr'>remissio</span> 
     </span>
     <span class='ocr_line' id='line_1_21' title="bbox 644 1445 1199 1494; baseline -0.004 -11"><span class='ocrx_word' id='word_1_116' title='bbox 644 1445 731 1483; x_wconf 84' lang='lat' dir='ltr'>Fiat</span> <span class='ocrx_word' id='word_1_117' title='bbox 763 1445 892 1494; x_wconf 69' lang='lat' dir='ltr'>nobis,</span> <span class='ocrx_word' id='word_1_118' title='bbox 926 1456 1072 1483; x_wconf 86' lang='lat' dir='ltr'>summo</span> <span class='ocrx_word' id='word_1_119' title='bbox 1104 1446 1199 1493; x_wconf 84' lang='lat' dir='ltr'>Deo,</span> 
     </span>
     <span class='ocr_line' id='line_1_22' title="bbox 644 1502 1220 1549; baseline 0 -11"><span class='ocrx_word' id='word_1_120' title='bbox 644 1502 715 1548; x_wconf 62' lang='lat' dir='ltr'>(Qui</span> <span class='ocrx_word' id='word_1_121' title='bbox 747 1508 803 1538; x_wconf 87' lang='lat' dir='ltr'>est</span> <span class='ocrx_word' id='word_1_122' title='bbox 834 1506 963 1539; x_wconf 86' lang='lat' dir='ltr'>nostra</span> <span class='ocrx_word' id='word_1_123' title='bbox 996 1502 1220 1549; x_wconf 75' lang='lat' dir='ltr'>redemptio,</span> 
     </span>
     <span class='ocr_line' id='line_1_23' title="bbox 700 1558 1202 1607; baseline 0.006 -12"><span class='ocrx_word' id='word_1_124' title='bbox 700 1559 815 1607; x_wconf 88' lang='lat' dir='ltr'>Laus,</span> <span class='ocrx_word' id='word_1_125' title='bbox 850 1559 968 1596; x_wconf 88' lang='lat' dir='ltr'>honor</span> <span class='ocrx_word' id='word_1_126' title='bbox 1003 1564 1037 1595; x_wconf 87' lang='lat' dir='ltr'>et</span> <span class='ocrx_word' id='word_1_127' title='bbox 1070 1558 1202 1606; x_wconf 80' lang='lat' dir='ltr'>gloria.</span> 
     </span>
    </p>
   </div>
   <div class='ocr_carea' id='block_1_5' title="bbox 136 1646 1698 1736">
    <p class='ocr_par' dir='ltr' id='par_1_10' title="bbox 136 1646 1698 1736">
     <span class='ocr_line' id='line_1_24' title="bbox 225 1646 1698 1688; baseline 0 -9"><span class='ocrx_word' id='word_1_128' title='bbox 225 1648 338 1688; x_wconf 80' lang='lat' dir='ltr'>Opera</span> <span class='ocrx_word' id='word_1_129' title='bbox 376 1659 437 1679; x_wconf 62' lang='lat' dir='ltr'>ms.</span> <span class='ocrx_word' id='word_1_130' title='bbox 477 1648 622 1680; x_wconf 78' lang='lat' dir='ltr'>Goffridi</span> <span class='ocrx_word' id='word_1_131' title='bbox 656 1649 884 1680; x_wconf 77' lang='lat' dir='ltr'>Vindocinen.</span> <span class='ocrx_word' id='word_1_132' title='bbox 923 1659 1011 1681; x_wconf 81' lang='lat' dir='ltr'>saec.</span> <span class='ocrx_word' id='word_1_133' title='bbox 1051 1647 1101 1680; x_wconf 79' lang='lat'>1‘2.</span> <span class='ocrx_word' id='word_1_134' title='bbox 1160 1649 1242 1679; x_wconf 72' lang='lat' dir='ltr'>Cod.</span> <span class='ocrx_word' id='word_1_135' title='bbox 1276 1649 1504 1680; x_wconf 69' lang='lat' dir='ltr'>Vindocinen.</span> <span class='ocrx_word' id='word_1_136' title='bbox 1544 1646 1617 1680; x_wconf 82' lang='lat'>193.</span> <span class='ocrx_word' id='word_1_137' title='bbox 1657 1667 1698 1672; x_wconf 89' lang='lat'>—</span> 
     </span>
     <span class='ocr_line' id='line_1_25' title="bbox 136 1691 1584 1736; baseline 0.001 -12"><span class='ocrx_word' id='word_1_138' title='bbox 136 1693 345 1724; x_wconf 57' lang='grc'><strong>511111011111</strong></span> <span class='ocrx_word' id='word_1_139' title='bbox 372 1704 398 1725; x_wconf 84' lang='lat' dir='ltr'>c.</span> <span class='ocrx_word' id='word_1_140' title='bbox 426 1705 457 1735; x_wconf 87' lang='lat' dir='ltr'>p.</span> <span class='ocrx_word' id='word_1_141' title='bbox 484 1692 550 1726; x_wconf 70' lang='grc'>318</span> <span class='ocrx_word' id='word_1_142' title='bbox 577 1706 627 1736; x_wconf 81' lang='lat' dir='ltr'>sp.</span> <span class='ocrx_word' id='word_1_143' title='bbox 653 1712 696 1715; x_wconf 79' lang='lat'>—</span> <span class='ocrx_word' id='word_1_144' title='bbox 725 1693 753 1731; x_wconf 80' lang='grc'>1,</span> <span class='ocrx_word' id='word_1_145' title='bbox 781 1693 800 1725; x_wconf 77' lang='lat'>‘2</span> <span class='ocrx_word' id='word_1_146' title='bbox 826 1694 999 1727; x_wconf 84' lang='lat' dir='ltr'>Formula.</span> <span class='ocrx_word' id='word_1_147' title='bbox 1025 1712 1068 1715; x_wconf 97' lang='lat'><strong>—</strong></span> <span class='ocrx_word' id='word_1_148' title='bbox 1095 1692 1125 1733; x_wconf 75' lang='grc'>2,</span> <span class='ocrx_word' id='word_1_149' title='bbox 1151 1691 1172 1725; x_wconf 77' lang='lat'><strong>3</strong></span> <span class='ocrx_word' id='word_1_150' title='bbox 1197 1694 1281 1725; x_wconf 80' lang='lat' dir='ltr'>fehlt</span> <span class='ocrx_word' id='word_1_151' title='bbox 1308 1695 1384 1725; x_wconf 84' lang='grc'><strong>01110</strong></span> <span class='ocrx_word' id='word_1_152' title='bbox 1410 1694 1515 1726; x_wconf 81' lang='lat' dir='ltr'>Silbe.</span> <span class='ocrx_word' id='word_1_153' title='bbox 1544 1711 1584 1717; x_wconf 99' lang='lat'><strong>—</strong></span> 
     </span>
    </p>
   </div>
   <div class='ocr_carea' id='block_1_6' title="bbox 470 1836 1347 1927">
    <p class='ocr_par' dir='ltr' id='par_1_11' title="bbox 470 1836 1347 1927">
     <span class='ocr_line' id='line_1_26' title="bbox 470 1836 1347 1879; baseline 0.007 -12"><span class='ocrx_word' id='word_1_154' title='bbox 470 1837 550 1871; x_wconf 65' lang='lat'>5316.</span> <span class='ocrx_word' id='word_1_155' title='bbox 589 1836 645 1877; x_wconf 74' lang='lat'>(3.)</span> <span class='ocrx_word' id='word_1_156' title='bbox 684 1837 741 1870; x_wconf 84' lang='lat' dir='ltr'>De</span> <span class='ocrx_word' id='word_1_157' title='bbox 769 1838 909 1872; x_wconf 83' lang='lat' dir='ltr'>sancta</span> <span class='ocrx_word' id='word_1_158' title='bbox 937 1836 1067 1872; x_wconf 77' lang='lat' dir='ltr'>Maria</span> <span class='ocrx_word' id='word_1_159' title='bbox 1093 1837 1347 1879; x_wconf 76' lang='lat' dir='ltr'>Magdalena.</span> 
     </span>
     <span class='ocr_line' id='line_1_27' title="bbox 761 1895 1064 1927; baseline -0.003 0"><span class='ocrx_word' id='word_1_160' title='bbox 761 1895 813 1927; x_wconf 83' lang='lat' dir='ltr'>Ad</span> <span class='ocrx_word' id='word_1_161' title='bbox 838 1896 1064 1927; x_wconf 71' lang='lat' dir='ltr'>Nocturnum.</span> 
     </span>
    </p>
   </div>
   <div class='ocr_carea' id='block_1_7' title="bbox 174 1976 1624 2712">
    <p class='ocr_par' dir='ltr' id='par_1_12' title="bbox 179 1976 1624 2187">
     <span class='ocr_line' id='line_1_28' title="bbox 179 1976 1624 2030; baseline 0.001 -16"><span class='ocrx_word' id='word_1_162' title='bbox 179 1977 214 2014; x_wconf 88' lang='lat'>1.</span> <span class='ocrx_word' id='word_1_163' title='bbox 248 1976 374 2013; x_wconf 80' lang='lat' dir='ltr'>Maria</span> <span class='ocrx_word' id='word_1_164' title='bbox 406 1976 589 2023; x_wconf 80' lang='lat' dir='ltr'>quaedam</span> <span class='ocrx_word' id='word_1_165' title='bbox 622 1977 785 2025; x_wconf 83' lang='lat' dir='ltr'>nomine,</span> <span class='ocrx_word' id='word_1_166' title='bbox 997 1981 1033 2015; x_wconf 78' lang='lat'>4.</span> <span class='ocrx_word' id='word_1_167' title='bbox 1068 1978 1221 2024; x_wconf 75' lang='lat' dir='ltr'>Quaerit</span> <span class='ocrx_word' id='word_1_168' title='bbox 1250 1978 1389 2015; x_wconf 85' lang='lat' dir='ltr'>ancilla</span> <span class='ocrx_word' id='word_1_169' title='bbox 1421 1977 1624 2030; x_wconf 91' lang='lat' dir='ltr'>dominum,</span> 
     </span>
     <span class='ocr_line' id='line_1_29' title="bbox 248 2033 1604 2084; baseline 0.001 -14"><span class='ocrx_word' id='word_1_170' title='bbox 248 2033 479 2079; x_wconf 69' lang='lat' dir='ltr'>Magdalena</span> <span class='ocrx_word' id='word_1_171' title='bbox 512 2034 742 2083; x_wconf 70' lang='lat' dir='ltr'>cognomine,</span> <span class='ocrx_word' id='word_1_172' title='bbox 1033 2082 1035 2084; x_wconf 14' lang='grc' dir='ltr'><strong>Υ</strong></span> <span class='ocrx_word' id='word_1_173' title='bbox 1068 2035 1183 2080; x_wconf 87' lang='lat' dir='ltr'>Optat</span> <span class='ocrx_word' id='word_1_174' title='bbox 1214 2034 1364 2072; x_wconf 87' lang='lat' dir='ltr'>infirma</span> <span class='ocrx_word' id='word_1_175' title='bbox 1395 2035 1604 2084; x_wconf 80' lang='lat' dir='ltr'>medicum3</span> 
     </span>
     <span class='ocr_line' id='line_1_30' title="bbox 250 2090 1603 2140; baseline 0.001 -14"><span class='ocrx_word' id='word_1_176' title='bbox 250 2091 345 2126; x_wconf 77' lang='lat' dir='ltr'>Arte</span> <span class='ocrx_word' id='word_1_177' title='bbox 377 2090 534 2127; x_wconf 81' lang='lat' dir='ltr'>seducta</span> <span class='ocrx_word' id='word_1_178' title='bbox 568 2091 791 2128; x_wconf 86' lang='lat' dir='ltr'>daemonum</span> <span class='ocrx_word' id='word_1_179' title='bbox 1068 2091 1214 2128; x_wconf 89' lang='lat' dir='ltr'>Obtulit</span> <span class='ocrx_word' id='word_1_180' title='bbox 1246 2091 1338 2128; x_wconf 84' lang='lat' dir='ltr'>haec</span> <span class='ocrx_word' id='word_1_181' title='bbox 1369 2091 1603 2140; x_wconf 87' lang='lat' dir='ltr'>obsequium,</span> 
     </span>
     <span class='ocr_line' id='line_1_31' title="bbox 256 2146 1586 2187; baseline 0.002 -4"><span class='ocrx_word' id='word_1_182' title='bbox 256 2147 454 2183; x_wconf 80' lang='lat' dir='ltr'>Peccatrix</span> <span class='ocrx_word' id='word_1_183' title='bbox 487 2146 557 2183; x_wconf 87' lang='lat' dir='ltr'>fuit</span> <span class='ocrx_word' id='word_1_184' title='bbox 590 2147 757 2186; x_wconf 88' lang='lat' dir='ltr'>nimium.</span> <span class='ocrx_word' id='word_1_185' title='bbox 1068 2147 1142 2184; x_wconf 90' lang='lat' dir='ltr'>Hic</span> <span class='ocrx_word' id='word_1_186' title='bbox 1175 2148 1333 2184; x_wconf 90' lang='lat' dir='ltr'>contulit</span> <span class='ocrx_word' id='word_1_187' title='bbox 1366 2149 1586 2187; x_wconf 87' lang='lat' dir='ltr'>remedium.</span> 
     </span>
    </p>

    <p class='ocr_par' dir='ltr' id='par_1_13' title="bbox 176 2237 1598 2454">
     <span class='ocr_line' id='line_1_32' title="bbox 176 2237 1434 2285; baseline 0.001 -11"><span class='ocrx_word' id='word_1_188' title='bbox 176 2238 212 2274; x_wconf 78' lang='lat'>2.</span> <span class='ocrx_word' id='word_1_189' title='bbox 248 2237 349 2282; x_wconf 81' lang='lat' dir='ltr'>Quae</span> <span class='ocrx_word' id='word_1_190' title='bbox 381 2237 508 2282; x_wconf 83' lang='lat' dir='ltr'>specie</span> <span class='ocrx_word' id='word_1_191' title='bbox 539 2237 715 2274; x_wconf 89' lang='lat' dir='ltr'>intumuit</span> <span class='ocrx_word' id='word_1_192' title='bbox 997 2240 1034 2276; x_wconf 76' lang='grc' dir='ltr'>ὅ.</span> <span class='ocrx_word' id='word_1_193' title='bbox 1068 2237 1234 2275; x_wconf 83' lang='lat' dir='ltr'>Mirifica</span> <span class='ocrx_word' id='word_1_194' title='bbox 1265 2239 1434 2285; x_wconf 86' lang='lat' dir='ltr'>potentia</span> 
     </span>
     <span class='ocr_line' id='line_1_33' title="bbox 249 2292 1464 2342; baseline 0.002 -14"><span class='ocrx_word' id='word_1_195' title='bbox 249 2292 298 2329; x_wconf 87' lang='lat' dir='ltr'>Et</span> <span class='ocrx_word' id='word_1_196' title='bbox 331 2294 496 2339; x_wconf 85' lang='lat' dir='ltr'>turpiter</span> <span class='ocrx_word' id='word_1_197' title='bbox 528 2294 738 2340; x_wconf 78' lang='lat' dir='ltr'>succubuit,</span> <span class='ocrx_word' id='word_1_198' title='bbox 1066 2294 1115 2331; x_wconf 87' lang='lat' dir='ltr'>Et</span> <span class='ocrx_word' id='word_1_199' title='bbox 1147 2295 1301 2341; x_wconf 87' lang='lat' dir='ltr'>pietatis</span> <span class='ocrx_word' id='word_1_200' title='bbox 1329 2295 1464 2342; x_wconf 81' lang='lat' dir='ltr'>gratia,</span> 
     </span>
     <span class='ocr_line' id='line_1_34' title="bbox 248 2348 1589 2398; baseline 0.002 -13"><span class='ocrx_word' id='word_1_201' title='bbox 248 2348 441 2395; x_wconf 84' lang='lat' dir='ltr'>Superbae</span> <span class='ocrx_word' id='word_1_202' title='bbox 474 2351 608 2387; x_wconf 89' lang='lat' dir='ltr'>mentis</span> <span class='ocrx_word' id='word_1_203' title='bbox 643 2351 734 2387; x_wconf 75' lang='lat' dir='ltr'>vitio</span> <span class='ocrx_word' id='word_1_204' title='bbox 1068 2352 1170 2396; x_wconf 77' lang='lat' dir='ltr'>Quae</span> <span class='ocrx_word' id='word_1_205' title='bbox 1201 2351 1240 2387; x_wconf 92' lang='lat' dir='ltr'>in</span> <span class='ocrx_word' id='word_1_206' title='bbox 1271 2351 1344 2388; x_wconf 85' lang='lat' dir='ltr'>ista</span> <span class='ocrx_word' id='word_1_207' title='bbox 1375 2351 1589 2398; x_wconf 85' lang='lat' dir='ltr'>peccatrice</span> 
     </span>
     <span class='ocr_line' id='line_1_35' title="bbox 248 2406 1598 2454; baseline 0.001 -11"><span class='ocrx_word' id='word_1_208' title='bbox 248 2406 361 2443; x_wconf 86' lang='lat' dir='ltr'>Venit</span> <span class='ocrx_word' id='word_1_209' title='bbox 394 2407 518 2443; x_wconf 88' lang='lat' dir='ltr'>carnis</span> <span class='ocrx_word' id='word_1_210' title='bbox 551 2407 756 2454; x_wconf 85' lang='lat' dir='ltr'>corruptio.</span> <span class='ocrx_word' id='word_1_211' title='bbox 1069 2408 1214 2444; x_wconf 75' lang='lat' dir='ltr'>Vulnus</span> <span class='ocrx_word' id='word_1_212' title='bbox 1246 2409 1396 2445; x_wconf 86' lang='lat' dir='ltr'>sanavit</span> <span class='ocrx_word' id='word_1_213' title='bbox 1428 2408 1598 2447; x_wconf 84' lang='lat' dir='ltr'>vulnere.</span> 
     </span>
    </p>

    <p class='ocr_par' dir='ltr' id='par_1_14' title="bbox 174 2495 1600 2712">
     <span class='ocr_line' id='line_1_36' title="bbox 174 2495 1600 2546; baseline 0 -12"><span class='ocrx_word' id='word_1_214' title='bbox 174 2498 210 2534; x_wconf 73' lang='grc'>3.</span> <span class='ocrx_word' id='word_1_215' title='bbox 242 2495 393 2533; x_wconf 87' lang='lat' dir='ltr'>Crimen</span> <span class='ocrx_word' id='word_1_216' title='bbox 425 2496 576 2542; x_wconf 83' lang='lat' dir='ltr'>quidem</span> <span class='ocrx_word' id='word_1_217' title='bbox 610 2501 665 2533; x_wconf 80' lang='lat' dir='ltr'>cst</span> <span class='ocrx_word' id='word_1_218' title='bbox 698 2498 850 2544; x_wconf 80' lang='lat' dir='ltr'>gravius</span> <span class='ocrx_word' id='word_1_219' title='bbox 996 2499 1032 2537; x_wconf 72' lang='lat'>6.</span> <span class='ocrx_word' id='word_1_220' title='bbox 1067 2497 1200 2535; x_wconf 87' lang='lat' dir='ltr'>Gloria</span> <span class='ocrx_word' id='word_1_221' title='bbox 1231 2498 1280 2534; x_wconf 82' lang='lat' dir='ltr'>sit</span> <span class='ocrx_word' id='word_1_222' title='bbox 1310 2498 1411 2546; x_wconf 88' lang='lat' dir='ltr'>patri</span> <span class='ocrx_word' id='word_1_223' title='bbox 1443 2508 1600 2545; x_wconf 86' lang='lat' dir='ltr'>summo,</span> 
     </span>
     <span class='ocr_line' id='line_1_37' title="bbox 246 2552 1520 2603; baseline 0.001 -14"><span class='ocrx_word' id='word_1_224' title='bbox 246 2552 399 2600; x_wconf 85' lang='lat' dir='ltr'>Mentis,</span> <span class='ocrx_word' id='word_1_225' title='bbox 433 2553 500 2589; x_wconf 80' lang='lat' dir='ltr'>sed</span> <span class='ocrx_word' id='word_1_226' title='bbox 534 2554 656 2590; x_wconf 84' lang='lat' dir='ltr'>carnis</span> <span class='ocrx_word' id='word_1_227' title='bbox 688 2555 860 2603; x_wconf 78' lang='lat' dir='ltr'>turpius3</span> <span class='ocrx_word' id='word_1_228' title='bbox 1068 2554 1169 2591; x_wconf 87' lang='lat' dir='ltr'>Laus</span> <span class='ocrx_word' id='word_1_229' title='bbox 1203 2554 1281 2590; x_wconf 91' lang='lat' dir='ltr'>eius</span> <span class='ocrx_word' id='word_1_230' title='bbox 1312 2554 1520 2601; x_wconf 80' lang='lat' dir='ltr'>unigenito,</span> 
     </span>
     <span class='ocr_line' id='line_1_38' title="bbox 246 2608 1556 2661; baseline 0.001 -15"><span class='ocrx_word' id='word_1_231' title='bbox 246 2609 344 2646; x_wconf 89' lang='lat' dir='ltr'>Dum</span> <span class='ocrx_word' id='word_1_232' title='bbox 375 2608 523 2655; x_wconf 83' lang='lat' dir='ltr'>turpius</span> <span class='ocrx_word' id='word_1_233' title='bbox 555 2610 715 2659; x_wconf 84' lang='lat' dir='ltr'>erubuit,</span> <span class='ocrx_word' id='word_1_234' title='bbox 1065 2610 1198 2647; x_wconf 88' lang='lat' dir='ltr'>Honor</span> <span class='ocrx_word' id='word_1_235' title='bbox 1230 2610 1382 2656; x_wconf 83' lang='lat' dir='ltr'>spiritui</span> <span class='ocrx_word' id='word_1_236' title='bbox 1415 2616 1556 2661; x_wconf 85' lang='lat' dir='ltr'>sancto,</span> 
     </span>
     <span class='ocr_line' id='line_1_39' title="bbox 246 2666 1466 2712; baseline 0.002 -11"><span class='ocrx_word' id='word_1_237' title='bbox 246 2666 351 2711; x_wconf 81' lang='lat' dir='ltr'>Quod</span> <span class='ocrx_word' id='word_1_238' title='bbox 386 2670 441 2702; x_wconf 88' lang='lat' dir='ltr'>est</span> <span class='ocrx_word' id='word_1_239' title='bbox 473 2666 637 2712; x_wconf 72' lang='lat' dir='ltr'>gravius,</span> <span class='ocrx_word' id='word_1_240' title='bbox 672 2667 807 2703; x_wconf 85' lang='lat' dir='ltr'>timuit.</span> <span class='ocrx_word' id='word_1_241' title='bbox 1066 2667 1245 2704; x_wconf 89' lang='lat' dir='ltr'>Trinitati</span> <span class='ocrx_word' id='word_1_242' title='bbox 1277 2667 1340 2703; x_wconf 93' lang='lat' dir='ltr'>uni</span> <span class='ocrx_word' id='word_1_243' title='bbox 1373 2667 1466 2704; x_wconf 81' lang='lat' dir='ltr'>Deo.</span> 
     </span>
    </p>
   </div>
   <div class='ocr_carea' id='block_1_8' title="bbox 131 2752 1695 2841">
    <p class='ocr_par' dir='ltr' id='par_1_15' title="bbox 131 2752 1695 2841">
     <span class='ocr_line' id='line_1_40' title="bbox 223 2752 1695 2796; baseline 0.001 -11"><span class='ocrx_word' id='word_1_244' title='bbox 223 2756 338 2796; x_wconf 81' lang='lat' dir='ltr'>Opera</span> <span class='ocrx_word' id='word_1_245' title='bbox 374 2765 435 2785; x_wconf 82' lang='lat' dir='ltr'>ms.</span> <span class='ocrx_word' id='word_1_246' title='bbox 473 2754 618 2787; x_wconf 67' lang='lat' dir='ltr'>Groti&#39;ridi</span> <span class='ocrx_word' id='word_1_247' title='bbox 656 2756 885 2787; x_wconf 78' lang='lat' dir='ltr'>Vindocinen.</span> <span class='ocrx_word' id='word_1_248' title='bbox 924 2766 1013 2789; x_wconf 80' lang='lat' dir='ltr'>saec.</span> <span class='ocrx_word' id='word_1_249' title='bbox 1052 2754 1103 2787; x_wconf 82' lang='grc'>12.</span> <span class='ocrx_word' id='word_1_250' title='bbox 1159 2756 1240 2788; x_wconf 64' lang='lat' dir='ltr'>(jod.</span> <span class='ocrx_word' id='word_1_251' title='bbox 1273 2756 1502 2788; x_wconf 77' lang='lat' dir='ltr'>vindocinen.</span> <span class='ocrx_word' id='word_1_252' title='bbox 1543 2752 1615 2787; x_wconf 86' lang='lat'>193.</span> <span class='ocrx_word' id='word_1_253' title='bbox 1662 2773 1695 2777; x_wconf 91' lang='lat'>-</span> 
     </span>
     <span class='ocr_line' id='line_1_41' title="bbox 131 2797 554 2841; baseline -0.002 -10"><span class='ocrx_word' id='word_1_254' title='bbox 131 2800 293 2831; x_wconf 69' lang='lat' dir='ltr'>sirmond</span> <span class='ocrx_word' id='word_1_255' title='bbox 321 2800 342 2831; x_wconf 90' lang='lat' dir='ltr'>l.</span> <span class='ocrx_word' id='word_1_256' title='bbox 367 2810 395 2831; x_wconf 88' lang='lat' dir='ltr'>c.</span> <span class='ocrx_word' id='word_1_257' title='bbox 422 2811 452 2841; x_wconf 91' lang='lat' dir='ltr'>p.</span> <span class='ocrx_word' id='word_1_258' title='bbox 478 2797 554 2832; x_wconf 81' lang='lat'>320.</span> 
     </span>
    </p>
   </div>
  </div>
 </body>
</html>
