1785 3111
792 59 1102 98 —324—

440 176 504 214 10,
552 174 651 211 Exin
684 174 838 210 insanus
869 173 924 210 ait
952 173 1010 209 his
1042 176 1245 220 tyrannus:

552 232 609 267 Ite
639 230 726 275 iam,
759 240 909 276 quaeso,
942 240 1099 275 puerum
1130 230 1322 276 sequendo

550 288 602 324 Et
633 287 742 323 nimis
775 292 895 331 caute,
929 286 994 322 ubi
1025 287 1091 334 sit,
1121 291 1251 333 rogate

664 344 830 389 Regulus
860 343 975 381 idem.

442 447 505 485 11.
553 445 718 492 Cumque
751 450 983 491 compertum
1015 447 1176 482 teneatis
1207 445 1326 488 illum,

552 502 747 549 Siquidem
779 507 880 538 certe
913 502 1084 538 mihimet
1115 501 1268 548 referto,

552 560 639 606 Ipse
671 570 743 605 quo
778 569 903 605 regem
936 559 1090 595 veniens
1123 560 1281 595 eundem

668 616 813 656 Pronus
845 616 1013 653 adorem.

443 719 507 756 12.
554 718 660 754 Haeo
690 717 789 764 magi
823 717 925 754 (licta
956 718 1111 764 capiunt
1143 718 1292 763 dolosa;

554 775 649 812 Tum
683 775 819 810 dehine
850 786 998 811 rursum
1030 775 1149 811 iniere
1180 786 1329 811 cursum

553 833 611 869 Ac
642 832 733 868 satis
764 836 911 878 gratum
944 832 1017 868 iter
1047 832 1264 868 inchoatum

671 887 935 925 Perficiebant.

443 992 508 1030 13.
556 991 630 1028 Sed
662 990 789 1026 statim
821 990 931 1026 stella
962 989 1115 1027 Oriente
1148 990 1228 1027 visa

556 1047 716 1085 Praevia
749 1047 833 1083 luce
865 1057 988 1083 eomes
1021 1051 1077 1082 est
1107 1046 1258 1095 ubique,

556 1104 683 1150 Usque
716 1103 801 1139 dum
834 1115 951 1148 supra
982 1109 1196 1140 remuneret
1226 1104 1323 1150 ipsa,

670 1161 749 1205 Quo
780 1160 852 1196 fuit
882 1158 1020 1200 infans.

445 1264 510 1302 14.
557 1263 671 1300 Cuius
702 1266 859 1309 aspectu
889 1262 1042 1298 nimium
1074 1263 1195 1309 gavisi

556 1320 712 1365 Ingredi
744 1323 875 1356 sancta
906 1330 1078 1355 meruere
1108 1324 1221 1369 tecta,

540 1378 637 1423 ‘Quo
670 1387 764 1424 puer
796 1378 901 1413 Iesus
933 1377 1104 1423 genetrix
1138 1381 1175 1413 et
1207 1377 1285 1413 eius

672 1434 932 1470 Inveniuntur.

446 1539 511 1574 15.
558 1536 724 1582 Moxque
756 1535 937 1582 prostrati
968 1535 1095 1571 studio
1127 1534 1231 1572 fideli

558 1593 757 1638 Supplices
790 1592 980 1629 Christum
1013 1598 1240 1629 venerantur
1269 1593 1408 1639 ipsum,

558 1650 720 1695 Insuper
753 1649 851 1685 dona
882 1648 1050 1685 tribuere
1081 1649 1181 1686 trina

671 1706 836 1752 Mystiea
868 1705 994 1743 valde.

447 1809 512 1847 16.
560 1808 656 1845 Nam
691 1807 792 1846 Deus
824 1811 907 1843 ture
939 1807 1157 1845 celebratur
1186 1812 1286 1855 apte,

561 1866 631 1902 Est
663 1870 697 1900 et
729 1865 765 1901 in
796 1875 923 1900 murra
954 1864 1114 1901 hominis
1146 1863 1277 1914 figura,

562 1922 717 1968 Rexque
748 1921 922 1957 nimirum
955 1922 1114 1958 rutilans
1146 1932 1215 1967 per
1245 1932 1377 1958 aurum

674 1977 930 2025 significatur.

448 2082 513 2119 17.
560 2082 612 2117 At
641 2080 739 2125 magi
772 2090 901 2116 somno
934 2080 1063 2115 moniti
1095 2090 1283 2126 supremo,

560 2137 612 2175 Ut
644 2138 764 2173 minus
798 2147 922 2183 regem
951 2136 1108 2173 redeant
1139 2136 1344 2184 Herodem,

562 2194 656 2231 Sunt
687 2193 784 2229 viam
817 2193 888 2229 nisi
920 2193 1032 2229 aliam
1064 2193 1205 2230 reverti

676 2252 718 2288 In
751 2250 954 2296 regionem.

273 2364 387 2404 Opera
413 2367 546 2405 autogr.
572 2363 713 2395 Othloni
739 2363 992 2394 Emmeramen.
1019 2372 1106 2393 saec.
1137 2359 1187 2393 11.
1237 2361 1321 2393 Clm.
1348 2362 1527 2392 Monacen.
1556 2357 1680 2391 14756.

561 2520 642 2555 251.
680 2521 737 2561 (4.)
772 2521 816 2554 In
842 2519 1157 2554 Resurrectione
1183 2518 1358 2553 Domini.

481 2612 617 2650 Oblato
649 2614 800 2651 Christo
831 2614 982 2650 studeat
1013 2612 1084 2649 sibi
1115 2612 1272 2658 quilibet
1307 2613 1378 2648 isto

481 2671 669 2716 Tempore
703 2671 870 2716 paschali
900 2670 1021 2706 landis
1054 2669 1152 2705 dono
1183 2668 1339 2714 speciali

481 2726 686 2764 Pacificare
719 2727 850 2771 Deum,
883 2727 945 2772 qui
979 2726 1213 2773 depopulans
1246 2725 1479 2771 hypogaeum

483 2783 534 2820 Ut
565 2783 638 2820 tiro
670 2794 836 2829 magan
870 2783 1083 2820 tondendus
1114 2781 1214 2818 mitis
1245 2785 1286 2818 ut
1316 2792 1445 2827 agnus,
