1785 3111
725 35 1030 76 —183—

329 149 523 197 Quidquid
553 150 666 187 tellus
697 149 824 198 habet,
857 153 994 197 pontus
1021 153 1134 197 atque
1164 149 1319 186 aethera
1352 149 1545 196 claudunt,

326 208 377 245 Et
407 206 592 254 quidquid
624 207 750 253 sentit,
783 208 895 255 sapit,
929 211 987 243 est
1017 211 1053 242 et
1086 207 1179 243 vivit
1209 206 1359 256 ubique,

321 263 455 301 Omnia
484 274 620 310 nempe
651 268 717 300 tua
747 263 935 310 sapientia
966 263 1119 300 condita
1151 262 1271 308 fulcit,

321 319 509 366 vivificat,
543 326 670 357 servat
700 321 829 357 valido
861 325 898 357 et
929 320 1024 367 regit
1055 321 1180 357 omnia
1210 324 1314 358 nutu.

225 378 274 416 10
322 378 404 415 Fac.
433 388 506 422 me,
540 388 683 414 summe
714 378 811 427 pius,
844 381 924 414 toto
956 381 993 413 te
1026 377 1140 413 corde
1172 376 1298 424 fateri,

322 435 377 472 Te
408 444 582 471 sermone
613 434 728 482 loqui,
761 438 798 470 te
831 435 979 472 discere
1011 434 1184 480 dogmate
1216 438 1335 481 recto,

320 491 511 536 Quaerere
541 497 579 529 te
610 491 783 528 manibus
815 501 911 537 pura
941 495 979 527 te
1010 495 1047 526 et
1077 496 1202 527 mente
1233 490 1395 536 precari.

321 548 379 585 Tu
411 548 482 597 via,
515 553 556 584 tu
588 548 721 597 virtus,
754 553 795 584 tu
826 549 904 585 vita
935 552 971 584 et
1001 547 1114 584 ianua
1146 548 1258 587 vitae.

321 604 378 641 Tu
409 615 554 641 merces
586 605 725 652 operis,
757 608 798 641 tu
828 603 964 649 factor,
997 609 1037 640 tu
1068 614 1214 650 quoque
1248 604 1392 644 doctor.

225 662 274 699 15
323 661 383 698 Da
413 661 504 698 mihi
536 673 634 698 nunc
665 661 812 698 veniam
844 661 982 697 misero
1015 665 1051 696 et
1082 671 1165 697 mea
1197 661 1356 698 crimina
1387 661 1487 707 laxa,

319 719 400 756 Fac
430 729 489 755 me
521 719 618 755 velle
649 718 797 767 bonum,
832 718 930 754 scire
960 722 1049 754 actu
1080 721 1117 753 et
1148 718 1220 754 rite
1252 718 1420 764 probare

323 775 460 822 Sicque
491 780 595 812 tuum
626 775 766 812 laetum
797 774 944 811 tribuas
976 779 1066 811 tunc
1097 784 1253 811 cernere
1282 775 1424 811 vultum

322 832 513 879 Perpetuo
544 837 582 868 et
613 842 703 869 vera
733 842 792 868 me
823 831 963 879 gaudia
994 841 1153 880 carpere
1184 830 1322 869 fructu.

187 955 330 988 Collect.
356 966 417 987 ms.
444 955 617 987 Fuldense
643 965 732 987 saec.
761 953 812 987 lO.
862 955 945 988 Cod.
971 955 1160 986 Eremiten.
1189 953 1267 988 266.
1292 972 1335 976 m·
1360 957 1542 988 Browerus
1567 967 1599 998 p.
1625 955 1663 990 9:

94 1001 275 1033 Diimmler
306 1002 351 1039 ΙΙ,
388 999 461 1033 175.

457 1226 538 1263 134.
574 1227 632 1269 (3.)
670 1228 818 1263 Versus
844 1237 955 1263 more
981 1228 1168 1263 Litaniae
1195 1229 1313 1265 facti.

370 1346 528 1384 Arbiter
558 1347 807 1394 omnitenens,
841 1357 967 1384 rerum
999 1351 1039 1383 tu
1071 1358 1215 1384 summe
1247 1351 1408 1394 creator,

425 1403 568 1450 Aspice
600 1403 647 1440 de
678 1404 840 1451 superis,
874 1404 1112 1450 omnipotens
1144 1405 1305 1451 genitor.

369 1461 616 1507 Omnipotens
647 1462 806 1507 genitor,
840 1471 886 1497 ex
917 1472 990 1507 quo
1021 1465 1107 1498 sunt
1144 1462 1281 1509 omnia,
1315 1472 1404 1498 vere

425 1517 660 1564 Principium
693 1521 899 1565 aeternum,
932 1522 973 1554 tu
1004 1518 1184 1554 miserere
1215 1518 1302 1556 tuis.

305 1578 326 1612 5
374 1574 495 1611 Filius
526 1575 610 1621 ipse
640 1574 725 1620 Dei,
758 1585 828 1621 per
859 1585 967 1621 quem
1000 1580 1087 1611 sunt
1118 1575 1273 1613 condita
1305 1580 1453 1625 cuncta,

426 1631 484 1668 Tu
515 1632 679 1668 clemens
710 1635 861 1668 nostras
892 1632 1056 1678 suscipe,
1090 1642 1240 1681 quaeso,
1275 1644 1420 1679 preces,

373 1688 538 1735 Spiritus
569 1689 667 1726 alme
698 1688 782 1731 Dei,
817 1689 912 1725 caeli
943 1693 1143 1735 terraeque
1176 1695 1362 1737 repertor,

427 1746 469 1782 In
499 1757 572 1792 quo
604 1749 691 1782 sunt
724 1749 870 1794 cuncta,
903 1750 943 1783 tu
974 1746 1038 1792 pia
1069 1751 1156 1783 vota
1189 1746 1286 1784 vide.

369 1802 507 1839 Trinus
538 1802 723 1849 personis,
756 1809 892 1839 natura
923 1803 1097 1840 conditor
1127 1814 1236 1841 unus,

271 1859 321 1898 10
427 1859 456 1897 Ο
488 1859 591 1897 Deus
619 1859 836 1905 altithrone,
870 1870 1021 1906 semper
1051 1860 1185 1897 adesto
1217 1861 1312 1907 pius

373 1916 487 1954 Clara
517 1916 590 1954 Dei
620 1916 806 1964 genetrix,
844 1917 1084 1953 sanctissima
1115 1917 1220 1964 virgo
1252 1918 1387 1961 Maria„

426 1973 503 2012 Ora
532 1984 601 2020 pro
632 1973 740 2009 nobis
773 1974 844 2009 rite
876 1972 1039 2011 favendo
1070 1974 1205 2013 Deum.

370 2030 446 2067 Pro
478 2030 586 2067 nobis
617 2041 766 2077 poscas,
798 2030 965 2068 Michael
997 2031 1258 2080 archangelus,
1292 2032 1374 2079 ipse

423 2087 475 2124 Et
507 2086 664 2124 Gabriel
701 2086 811 2124 fortis
842 2092 877 2123 et
910 2088 1081 2134 Raphael
1113 2088 1295 2127 medicus.

270 2145 319 2182 15
365 2143 457 2181 Cum
489 2144 676 2181 aethereis
708 2144 842 2180 turmis
875 2145 1070 2191 placantes
1103 2151 1254 2192 sceptra
1285 2157 1450 2193 superna

427 2201 637 2247 Propitium
670 2201 778 2237 nobis
811 2201 1081 2238 celsithronum
1114 2201 1240 2239 facite.

367 2258 575 2308 Zachariae
606 2262 716 2294 natus
748 2269 887 2304 praeco
920 2259 1119 2305 cunctique
1151 2259 1362 2305 prophetae

423 2315 474 2352 Et
506 2315 625 2351 sancti
657 2319 796 2361 patreS,
832 2315 1030 2352 conciliate
1062 2316 1196 2353 Deum.

369 2373 507 2410 Coetus
539 2372 783 2419 apostolicus,
818 2372 960 2408 Christi
993 2374 1192 2409 comitatus
1224 2373 1420 2421 honestus,

268 2430 320 2466 20
422 2429 479 2465 Tu
510 2428 688 2475 precibus
720 2428 828 2465 nobis
861 2429 991 2465 limina
1022 2431 1148 2476 pande
1178 2430 1269 2476 poli.

369 2485 545 2532 Claviger
574 2485 774 2522 aethereus
809 2487 943 2522 Petrus
976 2487 1187 2533 Paulusque
1219 2487 1412 2534 magister,

425 2542 614 2581 Andreas,
649 2541 808 2578 Iacobus
839 2547 952 2588 atque
985 2544 1163 2580 Iohannis
1196 2556 1314 2582 amor.

368 2598 532 2636 Thomas
565 2609 647 2635 cum
680 2599 832 2644 Iacobo,
867 2599 1079 2646 Philippus,
1112 2601 1440 2645 Bartholomaeus,

414 2656 620 2692 *Mattheus
652 2661 689 2691 et
721 2656 866 2703 Simon,
898 2656 1103 2694 Thaddeus
1136 2663 1171 2693 et
1203 2658 1384 2696 Mathias.

268 2712 318 2749 25
367 2711 552 2749 Doctrina
581 2713 776 2759 gratulans
809 2713 969 2749 rutilans
1002 2720 1035 2750 et
1068 2715 1250 2760 sanguine
1282 2715 1409 2754 rubro,

423 2769 614 2806 Victorum
648 2770 746 2806 alme
779 2769 932 2818 chorus,
965 2781 1032 2807 nos
1064 2782 1152 2818 rege
1184 2776 1225 2807 tu
1253 2772 1419 2810 monitis.
