1785 3111
643 101 954 142 —241—

178 293 261 328 182.
297 293 354 335 (4.)
389 292 538 328 Versus
563 292 756 337 Ratperti
781 293 828 328 de
854 292 1097 328 Festivitate
1125 291 1265 328 Sancti
1292 290 1416 328 Galli.

168 399 214 437 R.
247 399 399 446 Annua,
431 402 539 435 sante
570 398 653 449 Dei,
689 398 924 436 celebramus
956 398 1055 435 festa
1087 398 1176 445 diei7

302 455 397 503 Qua,
429 460 551 505 pater,
585 466 604 491 e
635 455 748 492 terris
780 456 919 503 sidera,
954 455 1078 501 Galle,
1112 456 1223 502 petis.

188 569 224 606 1.
256 568 371 616 Ecce,
406 569 486 605 dies
517 568 670 616 populis
701 568 815 606 micat
846 569 940 605 haec
971 568 1209 605 sanctissima
1239 568 1392 615 nostris‚

304 626 471 671 Quorum
501 630 542 662 tu
573 626 753 672 princeps
784 631 916 662 auctor
946 626 996 663 ad
1027 629 1131 662 astra
1162 636 1277 663 meas

183 740 221 777 2.
252 738 412 775 Finibus
444 738 613 775 occiduis
645 738 775 775 abiens
807 738 979 776 succedis
1011 738 1103 785 eois⁷

304 795 409 832 Dans
439 796 561 832 lucem
592 795 696 843 plebi
730 796 916 842 dogmatis
946 796 1033 842 igne
1064 795 1132 834 tui.

186 910 224 948 3.
258 909 360 953 Quae
391 910 592 947 tenebrosa
623 907 695 945 fuit
725 908 815 945 fidei
847 919 916 945 nec
945 909 1030 946 luce
1061 907 1223 958 refulsit7

306 966 378 1002 Per
407 970 445 1001 te
477 966 678 1002 caelestem
711 966 836 1012 coepit
868 966 1009 1003 habere
1041 966 1154 1005 diem.

181 1080 220 1117 4.
253 1078 329 1115 Hic
359 1079 423 1115 ubi
453 1079 664 1116 nocticolae
695 1084 851 1116 tenuere
883 1079 1024 1117 cubilia
1054 1080 1197 1125 larvae,

310 1136 371 1173 Ad
402 1137 555 1173 laudem
586 1136 728 1173 Christi
760 1137 892 1183 psallit
922 1136 1062 1184 ubique
1094 1137 1244 1176 choruS.

185 1253 221 1287 5.
254 1249 329 1286 Hic
360 1247 443 1299 fuit,
478 1259 577 1297 ecce,
612 1249 704 1287 feris
736 1250 849 1287 statio
881 1251 1097 1297 gratissima
1128 1250 1263 1296 saevis,

307 1306 419 1343 Nunc
450 1307 559 1343 sedes
589 1307 730 1344 sanctis
762 1312 799 1343 te
831 1312 1034 1354 respuente
1066 1311 1205 1345 manet.

186 1423 222 1459 6.
256 1421 326 1465 Tu,
359 1425 480 1466 pater,
514 1420 587 1458 huc
618 1421 772 1457 veniens
806 1419 883 1457 fers
913 1426 1036 1458 tecum
1068 1422 1173 1468 pacis
1204 1421 1378 1471 honores,

307 1477 408 1514 Hinc
439 1481 558 1514 totum
591 1478 750 1527 pellens,
785 1478 969 1525 quidquid
1001 1478 1137 1515 adesse
1167 1484 1291 1516 nocet.

189 1592 223 1629 7.
257 1591 471 1638 Expuleras
503 1602 661 1628 nocuum
695 1593 888 1638 complens
924 1593 1126 1629 dulcedine
1157 1596 1288 1636 totum,

309 1649 389 1694 Quo
421 1659 558 1695 corpus
589 1649 763 1695 linquens
794 1649 952 1696 spiritus
984 1654 1088 1686 astra
1118 1649 1227 1696 petit,

188 1764 225 1801 8.
257 1763 330 1807 En,
365 1762 478 1799 hodie
507 1763 682 1799 meritam
709 1767 750 1799 tu
780 1766 867 1809 post
899 1763 1107 1800 certamina
1139 1762 1304 1808 palmam

312 1818 526 1866 Sumpsisti,
557 1819 692 1867 Galle3
723 1823 881 1866 protege
911 1830 979 1857 nos
1012 1820 1138 1858 hodie.

190 1934 227 1971 9.
260 1934 342 1971 Iam
373 1943 488 1979 super
518 1938 623 1970 astra
653 1933 778 1970 nitens
810 1931 1037 1970 famulorum
1071 1933 1222 1980 suscipe
1252 1933 1387 1970 laudes

313 1989 385 2035 Qui
415 1995 452 2026 te
485 1990 622 2027 devoto
652 2000 752 2026 nunc
783 1990 945 2027 iubilant
976 1991 1144 2029 modulo,

166 2104 230 2141 10.
264 2103 405 2150 Aspice
435 2103 624 2150 propitius
657 2108 881 2141 venerantes
915 2104 1042 2142 nobile
1073 2105 1210 2151 pignus

318 2160 466 2207 Corpus
497 2161 749 2209 praeclarum,
782 2161 893 2198 Galle
924 2162 1046 2208 beate,
1081 2167 1197 2200 tuum.

165 2275 230 2312 11.
261 2274 415 2321 Aspice,
448 2285 543 2320 quae
576 2275 757 2321 canimus,
790 2285 958 2322 expurga
988 2276 1104 2312 corda
1136 2275 1334 2325 benignus,

317 2332 361 2368 In
392 2331 506 2369 rebus
538 2332 682 2368 cunctis
714 2336 840 2368 rector
870 2332 1002 2369 adesto
1035 2332 1122 2372 tuis,

168 2445 230 2484 12.
263 2444 365 2481 Hinc
395 2444 558 2481 Domino
589 2445 690 2481 trino
720 2445 812 2482 laeti
843 2456 1050 2492 pangamus
1082 2446 1121 2482 in
1151 2456 1239 2492 uuo,

316 2501 387 2547 Qui
418 2512 486 2538 nos
519 2502 617 2538 hunc
648 2502 763 2539 talem
796 2500 887 2538 fecit
919 2502 1060 2539 habere
1091 2507 1251 2551 patrem.

120 2612 223 2653 Trop.
257 2623 319 2644 ms.
347 2613 575 2654 Sangallense
607 2623 696 2644 saec.
726 2611 777 2645 10.
827 2613 910 2645 Cod.
946 2614 1155 2656 Sangallen.
1188 2613 1266 2647 381.
1301 2616 1340 2646 A.
1367 2632 1407 2636 ——
1443 2616 1599 2646 Proeess.

31 2665 91 2687 ms.
121 2656 347 2699 Sangallense
373 2668 460 2689 saec.
490 2656 540 2689 12.
591 2659 672 2691 Cod.
701 2658 902 2700 Sangallen.
929 2657 1005 2691 260.
1032 2661 1071 2692 B.
1098 2678 1136 2681 *-
1174 2659 1203 2698 5,
1232 2659 1252 2692 2
1278 2665 1460 2702 respuente
1482 2660 1602 2701 jeden-

29 2700 110 2733 falls
135 2702 335 2743 fehlerhaft3
367 2704 431 2735 lies
456 2703 636 2736 vielleicht
661 2701 834 2735 residente
860 2705 943 2736 oder
967 2706 1201 2737 remanente?
1251 2706 1449 2744 Diimmler‚
1484 2707 1601 2737 Neues

29 2745 130 2779 Arch.
154 2748 213 2786 IV,
240 2747 323 2779 542:
351 2750 409 2790 „in
434 2749 517 2781 Cod.
546 2747 785 2781 8413111381.
813 2761 843 2791 p.
866 2748 938 2787 142,
965 2747 1032 2782 360
1057 2762 1088 2792 p.
1108 2749 1151 2783 25
1177 2752 1316 2792 abgedr.
1343 2753 1399 2783 bei
1425 2752 1541 2783 Canis.
1562 2751 1601 2787 V,

31 2788 114 2832 736,
148 2794 309 2825 woselbst
341 2805 376 2825 es
401 2795 548 2826 Metzler
572 2797 717 2836 Ratpert
737 2795 950 2838 uzusehreibt.
1001 2797 1067 2827 Die
1092 2798 1176 2827 Hss.
1204 2807 1339 2829 nennen
1364 2798 1492 2828 keinen
1518 2797 1604 2826 Ver-

31 2834 172 2869 fasse1·“.
219 2839 303 2871 Dies
329 2841 376 2870 ist
399 2840 587 2882 unrichtig.
637 2842 702 2872 Die
729 2840 948 2872 Uberschrift
974 2841 1064 2873 steht
1089 2843 1126 2873 in
1152 2843 1190 2872 A.

98 2897 260 2931 Dreves‚
285 2897 493 2924 Lateinisohe
513 2899 806 2932 Hymnendichter.
837 2899 881 2925 11.
1358 2897 1398 2930 16
