1785 3111
669 63 980 105 —397—

39 181 81 214 E.
106 198 152 202 —
175 179 318 212 Colleet.
346 190 408 211 ms.
427 179 677 221 Hospitalense
696 188 785 210 saec.
814 175 866 210 15.
907 177 990 210 Cod.
1009 177 1253 209 Vindobonen.
1270 173 1370 208 4347.
1389 176 1426 207 F.
1445 194 1487 198 —
1509 174 1607 207 Orat.

40 237 102 259 ms.
129 225 321 267 Campense
345 225 429 257 anni
458 222 556 257 1462.
597 223 679 256 Cod.
699 222 956 255 Darmstatlien.
983 220 1058 253 521.
1084 223 1124 255 G.
1145 241 1187 244 —
1207 221 1311 254 Scala
1327 221 1415 253 caeli
1436 231 1525 252 saec.
1555 218 1606 252 14.

41 268 126 305 Cod.
156 271 305 313 Pragen.
337 271 426 302 XIII
457 270 488 301 E
521 267 554 302 3.
578 271 624 301 H.
657 287 701 291 —
727 268 871 301 Collect.
897 278 959 299 ms.
985 269 1020 301 S.
1047 269 1142 299 Petri
1169 263 1408 309 Salisburgen.
1435 276 1524 298 saec.
1553 265 1605 298 15.

46 317 128 350 Cod.
154 317 286 348 Petrin.
312 316 333 347 b
350 316 401 347 VI
416 312 448 347 3.
466 316 493 346 I.
512 332 553 337 --
572 315 715 347 Collect.
734 324 796 346 ms.
823 314 999 355 Augiense
1018 324 1107 345 saec..
1130 311 1157 331 ¹⁴
1168 312 1216 345 '15.
1254 312 1338 345 Cod.
1356 311 1606 345 Carolsruhan.

38 365 128 404 Aug.
152 360 206 394 36.
233 362 274 393 Κ.
307 379 350 383 --
384 360 529 392 Collect.
553 371 616 391 ms.
643 361 864 392 Franciscan.
890 359 1062 391 Parisien.
1090 369 1179 390 saec.
1208 356 1295 390 ¹51‘16.
1345 358 1428 390 Cod.
1453 358 1607 389 Parisin.

40 406 140 441 3639.
167 408 208 439 L.
226 424 271 428 —
288 407 383 439 Orat.
409 416 470 437 ms.
498 406 671 439 Gallicum
690 416 778 437 saec.
809 403 860 436 15.
902 404 985 436 Cod.
1011 406 1146 446 Hagen.
1172 405 1233 435 AA
1262 402 1335 435 175.
1359 404 1406 434 M.
1424 421 1469 425 —
1488 404 1608 434 Horae

39 455 81 486 B.
106 454 154 485 M.
178 453 220 484 V.
246 452 290 483 ad
308 462 408 483 usum
426 449 692 491 Cisterciensem
710 453 792 492 imp.
819 461 845 481 s.
871 450 894 481 l.
921 455 954 481 et
980 460 1010 481 a.
1035 448 1161 490 (1497.)
1184 450 1227 482 N.
1254 466 1295 470 -—
1314 450 1429 490 Opera
1445 448 1607 480 Marbodi

41 496 138 531 1524.
165 498 224 529 fol.
250 495 281 529 3.
307 496 378 539 (ap.
404 497 631 539 Beaugendre
661 494 769 537 1559)
794 497 834 528 O.

135 542 162 583 1,
192 542 208 574 1
236 543 365 575 Sancta
390 543 487 584 virgo
514 540 691 584 virginum
716 543 760 582 C,
792 543 884 579 Ave,
918 543 1038 583 regina
1063 541 1238 582 virginum
1264 539 1312 571 E:
1346 540 1479 577 Maria,
1505 542 1606 581 virgo

39 591 216 633 virginum
241 589 279 620 F.
304 606 349 609 —
376 586 406 626 1,
431 587 452 619 2
478 590 643 630 peperisti
669 589 708 619 F.
733 605 777 608 -
803 585 833 625 1,
858 584 879 618 3
903 587 1023 617 Trium
1047 586 1213 617 factorem
1241 585 1373 617 cubulli
1391 586 1434 616 D.
1459 603 1503 605 —
1529 583 1560 623 2,
1590 583 1605 616 1

39 636 117 677 Ego
149 635 292 676 peccavi
325 635 471 665 nimium
496 633 629 665 BCEL.
663 650 707 654 —
732 631 764 672 2,
790 632 811 663 2
843 635 920 674 peto
947 631 986 663 O.
1012 650 1056 654 ——-
1081 630 1111 665 2,
1137 628 1158 662 3
1191 634 1338 671 patrona
1370 630 1470 662 devio
1498 630 1536 661 B.
1563 647 1606 651 -—

41 679 71 720 2,
98 679 119 712 3
144 690 194 721 sq.
220 680 337 711 fehlen
361 679 399 711 F.
424 697 470 700 —
494 677 526 717 2,
550 677 572 710 4
595 679 643 710 Et
668 678 762 710 salus
780 682 814 709 et
831 678 986 709 defensio
1013 680 1052 709 O.
1077 693 1122 698 —
1150 674 1182 714 3,
1209 677 1223 707 l
1251 677 1307 707 Me
1324 678 1473 718 gravant
1488 675 1606 706 hostes

0 743 2 752 ›
41 726 140 759 CGF.
165 742 210 747 —
233 724 266 763 3,
292 723 313 757 3
337 725 486 756 Adversi
511 725 595 756 foris
620 725 674 763 H,
706 725 807 756 Foris
833 723 989 764 perversi
1017 722 1115 754 BCE.
1145 738 1184 742 —-
1210 719 1242 759 4,
1270 720 1286 752 1
1313 723 1403 753 Nam
1427 720 1514 751 mihi
1540 720 1606 752 CF.

0 772 1 806 ζ
39 789 84 793 -—
109 769 141 809 4,
166 768 187 802 2
212 770 394 809 Inflixere,
429 781 448 801 o
479 770 621 801 domina
646 769 683 802 C.
708 787 752 790 —
777 766 809 807 4,
833 767 854 800 3
880 768 977 807 Quae
1002 772 1040 799 tu
1065 768 1135 798 nisi
1159 767 1262 798 EFL.
1287 784 1332 787 -—
1355 764 1388 803 4,
1413 764 1435 797 4
1460 766 1540 797 Sint
1565 766 1603 797 C.

39 836 84 840 —
109 816 139 853 5,
168 815 182 848 1
211 816 299 853 heu,
333 815 562 847 suadentibus
586 815 659 846 EF.
683 832 727 836 —
753 812 783 852 5,
811 811 831 844 2
855 814 1028 845 Mortalen
1053 813 1093 844 E.
1120 830 1165 833 —
1191 810 1220 846 5.
1247 809 1268 844 3
1292 811 1338 843 Et
1371 811 1455 843 fehlt
1481 812 1530 848 D,
1564 811 1609 842 Et

0 868 3 895 's
41 860 87 894 ob
120 862 155 893 id
179 862 229 901 E,
264 861 316 893 Ob
347 860 480 902 hocque
514 871 593 892 reus
618 861 652 898 I,
685 861 728 892 In
752 859 819 891 hoc
843 869 921 890 reus
947 859 1067 890 videor
1091 859 1132 890 G.
1157 875 1196 879 —
1227 856 1258 896 5,
1283 855 1305 888 4
1327 857 1443 888 Meam
1468 857 1607 898 culpam

0 900 3 950 ,¹
39 909 82 939 D.
117 925 160 930 —-
193 905 223 946 6,
250 904 270 938 2
303 907 428 937 Portas
463 905 559 937 effeci
592 907 643 941 H,
678 905 804 937 Effeeti
835 908 956 946 portae
985 905 1168 935 criminum
1202 904 1242 935 O.
1275 920 1318 924 -—
1349 902 1379 940 6,
1404 900 1425 934 3
1457 902 1607 934 videndo

43 954 193 995 diligens
217 952 290 985 BG.
322 969 366 973 —
391 949 423 990 6,
447 949 469 982 4
494 953 585 983 Leve
612 950 653 985 C,
686 951 785 982 Lena
809 951 845 989 1,
879 951 988 981 Levia
1011 950 1061 989 G,
1094 948 1270 991 tangendo
1296 949 1439 989 cupiens
1467 947 1535 980 BG.
1561 965 1606 969 ——

41 997 73 1038 7,
98 998 120 1030 4
144 999 185 1030 In
210 997 346 1029 illicitis
370 997 414 1028 D.
447 1014 492 1019 ——
523 994 554 1034 8,
583 995 598 1028 1
626 996 770 1038 Esuque
795 1000 878 1037 potu
903 995 1057 1026 dulcium
1083 996 1128 1026 H.
1155 1013 1191 1017 --
1221 992 1252 1031 8,
1277 992 1299 1025 4
1323 994 1370 1025 Et
1394 1004 1455 1035 per
1479 1003 1607 1024 vanam

0 1041 2 1050 '
40 1044 189 1087 gloriam
216 1044 247 1075 D
275 1062 316 1066 —
336 1040 368 1081 9,
395 1040 416 1073 2
443 1043 514 1074 otio
541 1041 580 1073 O.
598 1059 641 1062 —
659 1040 690 1079 9,
717 1039 738 1074 3
764 1052 867 1083 saepe
892 1037 978 1072 fehlt
1003 1042 1043 1073 O.
1062 1058 1106 1061 -—
1130 1038 1170 1072 10
1196 1051 1246 1082 sq.
1271 1039 1385 1071 fehlen
1412 1040 1462 1070 H:
1490 1040 1608 1080 spater

39 1089 204 1131 zugefiigt
228 1085 271 1120 B.
296 1105 341 1109 —-
368 1086 421 1126 10,
450 1087 465 1119 1
490 1088 538 1120 Et
563 1088 605 1119 de
631 1088 830 1119 substantia
854 1097 1047 1129 pauperum
1072 1086 1169 1118 ILGI:
1197 1086 1249 1117 De
1276 1086 1473 1117 substantia
1499 1084 1535 1116 C.
1562 1103 1606 1107 —-

42 1133 93 1174 10,
119 1133 140 1166 2
165 1136 248 1167 Sum
272 1133 365 1165 male
388 1144 473 1166 usus
498 1133 685 1175 plurimum
711 1133 789 1171 BG;
816 1132 951 1173 Collegi
969 1142 1108 1164 censum
1129 1132 1315 1173 plurimum
1343 1130 1410 1162 CL.
1440 1148 1479 1151 —
1508 1127 1558 1168 10,
1589 1128 1604 1161 1

38 1183 72 1213 et
89 1179 175 1212 fehlt
191 1180 240 1220 G,
265 1179 322 1211 vel
341 1180 510 1210 avaritiae
529 1178 576 1213 O:
603 1180 656 1210 ira
681 1182 715 1210 et
733 1179 883 1209 avaritia
901 1178 941 1209 E.
961 1195 1005 1198 —
1024 1175 1076 1215 10,
1104 1175 1120 1208 1
1140 1188 1190 1218 sq.
1212 1176 1283 1208 und
1300 1174 1320 1208 3
1338 1186 1388 1217 sq.
1406 1175 1608 1218 umgestellt

38 1227 81 1258 D.
107 1244 150 1249 —-
178 1223 230 1263 10,
255 1222 276 1256 2
301 1225 383 1257 Feci
401 1225 534 1256 lucrum
554 1225 596 1256 D.
614 1242 657 1246 —
678 1222 729 1259 10,
755 1222 776 1254 4
794 1225 895 1265 quasi
914 1223 999 1255 fehlt
1016 1224 1069 1263 H:
1096 1223 1234 1254 Sei-vivi
1252 1225 1285 1254 et
1302 1222 1457 1252 lucuriae
1476 1221 1604 1260 BCDI,

37 1276 71 1305 et
89 1271 275 1312 superbiae
301 1271 339 1302 F.
372 1289 408 1292 -—
436 1269 488 1309 11,
516 1269 606 1301 lvel
625 1271 743 1301 anima
767 1270 814 1302 O:
842 1274 875 1300 et
892 1270 928 1300 in
946 1270 1063 1300 anima
1088 1268 1124 1299 F.
1150 1285 1195 1288 —
1222 1266 1274 1304 11,
1301 1265 1321 1298 2
1348 1267 1455 1298 multa
1473 1266 1607 1298 scelera

38 1317 211 1355 CDEGL,
239 1320 364 1347 cuncta
387 1317 534 1347 crimina
560 1315 614 1354 H,
640 1315 750 1346 multa
766 1316 912 1346 crimina
931 1315 968 1346 F.
990 1332 1027 1335 —
1052 1312 1101 1351 ll,
1128 1311 1149 1345 3
1166 1314 1255 1344 Nam
1274 1323 1363 1355 quae
1382 1323 1506 1353 corpus
1524 1312 1605 1351 GL,

36 1373 107 1394 non
130 1362 245 1393 valuit
268 1361 309 1393 L.
334 1378 379 1383 —-
398 1359 449 1399 11,
474 1359 496 1392 4
522 1360 654 1392 studuit
680 1361 716 1392 F.
743 1377 787 1381 —
815 1360 881 1392 Str.
910 1358 951 1391 1⁴2
976 1359 1061 1391 fehlt
1086 1360 1140 1399 H,
1167 1360 1283 1400 spater
1308 1358 1470 1400 zugefiigt
1495 1358 1533 1388 B.
1559 1374 1604 1378 —-

38 1406 91 1447 12,
117 1406 137 1439 2
161 1407 298 1449 pestilis
322 1408 374 1448 D;
400 1407 457 1438 Me
482 1406 649 1448 pestilens
668 1409 809 1438 accusat
824 1406 955 1437 locutio
982 1405 1021 1437 G.
1045 1422 1086 1426 —
1108 1403 1161 1442 12,
1187 1403 1206 1435 3
1233 1404 1354 1445 culpae
1372 1404 1539 1435 damnant
1566 1403 1603 1434 F.

37 1472 79 1476 -
100 1451 151 1491 12,
176 1451 199 1483 4
222 1453 279 1484 Me
303 1453 472 1494 iniquitas
498 1452 572 1490 BC,
598 1452 773 1493 Iniquitas
799 1461 1029 1483 consensuum
1049 1451 1094 1490 G;
1122 1452 1178 1482 Me
1196 1447 1351 1491 pravitas
1372 1459 1604 1481 consensuum

36 1499 83 1539 F,
107 1498 268 1540 nequitas
293 1498 512 1530 consciorum
538 1498 578 1529 O.
602 1514 645 1518 ——
670 1497 770 1528 Nach
796 1497 864 1529 Str.
894 1494 933 1528 12
959 1497 1093 1528 schiebt
1119 1497 1148 1527 D
1177 1497 1251 1527 ein:

519 1559 666 1590 Peccavi
692 1569 752 1600 per
777 1559 958 1595 malitiam,

520 1605 736 1646 Quandoque
761 1615 823 1646 per
848 1605 1035 1640 miseriam,

519 1646 594 1682 Nec
618 1660 759 1691 possum
785 1649 827 1681 de
853 1660 905 1680 me
931 1659 1072 1690 surgere

519 1696 633 1727 Tanto
659 1696 843 1737 depressus
872 1695 1032 1737 pondere.

36 1761 142 1793 Diese
168 1760 235 1792 Str.
261 1760 308 1791 ist
333 1759 470 1801 spatere
494 1759 608 1795 Zutat,
638 1759 702 1790 wie
729 1758 790 1789 der
817 1759 917 1789 Reim
942 1758 1045 1799 zeigt.
1071 1773 1114 1777 —
1143 1753 1195 1794 13,
1226 1754 1239 1787 l
1268 1756 1345 1787 Hoc
1370 1756 1434 1787 tibi
1460 1755 1502 1793 F,
1538 1755 1602 1787 tibi

35 1806 121 1838 fehlt
147 1807 188 1837 D.
216 1818 254 1826 -.
287 1802 339 1843 13,
375 1802 395 1835 2
421 1805 450 1836 Ο
475 1803 561 1836 fehlt
584 1805 665 1845 BD,
698 1801 740 1834 In
765 1804 899 1835 cunctis
925 1803 1054 1834 sanctis
1081 1802 1236 1833 sanctior
1263 1802 1306 1833 F:
1344 1801 1441 1840 Quae
1467 1801 1602 1831 cunctis

37 1855 152 1884 exstas
177 1851 331 1882 sanctior
357 1849 397 1882 G.
425 1867 467 1871 ——
493 1847 546 1887 13,
569 1847 592 1880 4
617 1849 661 1880 Et
685 1849 829 1891 dignum
855 1849 994 1886 CEFL,
1020 1848 1077 1879 Me
1103 1848 1247 1889 dignum
1272 1847 1353 1879 DG:
1380 1857 1462 1878 erue
1488 1847 1530 1877 D.
1561 1863 1599 1866 —

36 1897 134 1929 Nach
160 1899 228 1928 Str.
257 1893 297 1928 13
322 1895 458 1927 schiebt
484 1897 514 1926 D
541 1896 614 1926 ein:

608 1957 694 1989 Tuis
719 1957 832 1989 beatis
858 1957 964 1988 labiis

609 2003 657 2034 Et
681 2002 852 2034 dedicatis
879 2002 1022 2033 meritis.

39 2066 91 2107 14,
118 2065 134 2098 1
159 2067 276 2098 Exoro
303 2067 348 2107 C;
374 2066 493 2098 Exora
518 2076 579 2108 pro
604 2076 658 2097 me
682 2064 793 2096 filium
819 2065 856 2096 F.
884 2083 926 2086 —
955 2062 1006 2102 14,
1032 2061 1052 2094 2
1079 2065 1126 2096 L‘t
1143 2063 1201 2094 det
1218 2062 1304 2094 mihi
1332 2062 1530 2094 BEFGHL.
1559 2079 1600 2083 —

40 2111 90 2153 14,
116 2110 137 2145 3
161 2113 217 2144 Ex
233 2122 337 2144 carne
363 2115 424 2143 tua
450 2113 493 2143 H.
518 2128 563 2132 -—
590 2109 642 2149 14,
667 2109 689 2142 4
713 2111 799 2142 Tuis
818 2106 954 2141 favebit
972 2109 1090 2141 CEFI.
1115 2126 1161 2129 —
1188 2107 1239 2146 15,
1269 2107 1283 2139 1
1313 2118 1400 2149 quae
1417 2112 1450 2139 te
1470 2109 1604 2149 peperit

37 2159 86 2198 D;
113 2168 202 2200 quae
227 2168 263 2189 se
289 2159 412 2199 genuit
437 2157 511 2196 CG,
536 2157 653 2195 Matri,
681 2165 770 2197 quae
788 2157 903 2187 Iesum
929 2155 1063 2196 peperit
1088 2155 1128 2185 L.
1153 2171 1198 2175 —
1224 2152 1274 2186 15.
1301 2151 1321 2184 2
1347 2151 1443 2185 Nihil
1471 2164 1598 2195 negare

36 2204 169 2236 BDFL.
194 2220 237 2225 —
266 2202 325 2241 15,
359 2202 381 2234 4
405 2202 453 2234 Et
476 2213 537 2244 per
560 2203 672 2244 ipsius
698 2203 746 2241 D,
782 2201 829 2232 Et
854 2210 914 2242 per
939 2201 1013 2231 eius
1039 2200 1079 2231 G.
1108 2216 1148 2220 —
1178 2197 1236 2237 16,
1262 2196 1282 2230 2
1305 2199 1472 2240 Flagella,
1500 2202 1601 2240 sputa

37 2248 117 2288 CH,
152 2252 186 2281 et
210 2249 331 2291 alapas
356 2249 430 2280 BD.
458 2265 504 2269 —
530 2247 581 2286 16,
607 2245 628 2279 3
654 2249 748 2287 Quas
774 2246 878 2278 BEO.
905 2265 947 2268 —
976 2243 1028 2283 16,
1055 2243 1076 2277 3
1103 2245 1189 2276 Cum
1216 2255 1251 2276 se
1277 2254 1338 2286 pro
1366 2245 1411 2283 F,
1446 2245 1536 2275 Dum
1565 2254 1602 2276 se

36 2305 98 2337 pro
123 2294 161 2327 C.
185 2312 230 2315 —
257 2292 316 2333 17,
345 2292 361 2325 1
388 2293 436 2325 Et
459 2293 545 2325 fehlt
570 2293 679 2326 BFH:
714 2292 780 2324 Per
802 2290 1018 2332 chlamydem
1045 2290 1132 2322 CGI.
1157 2307 1202 2311 —
1230 2288 1281 2327 17,
1307 2287 1327 2320 2
1351 2290 1398 2321 Et
1414 2289 1501 2321 fehlt
1527 2289 1601 2322 CH.

36 2357 80 2362 —
107 2338 166 2379 17,
192 2337 214 2371 4
238 2340 286 2371 Et
309 2349 371 2380 per
396 2340 515 2370 mortis
541 2338 753 2380 supplicium
778 2338 822 2377 F,
858 2337 925 2368 Per
950 2337 1070 2367 mortis
1097 2335 1305 2377 supplicium
1333 2335 1375 2376 C;
1408 2336 1455 2366 Et
1481 2337 1602 2366 mortis

39 2395 98 2427 per
123 2385 333 2427 supplicium
358 2385 386 2416 I.
412 2403 453 2406 —
482 2381 540 2420 18,
568 2381 588 2414 2
613 2385 708 2415 rivos
734 2383 800 2413 BF.
829 2399 871 2403 —
899 2379 954 2414 18.
980 2380 1003 2412 4
1026 2381 1073 2412 Et
1096 2380 1183 2412 fehlt
1208 2381 1281 2413 CH.
1306 2397 1350 2401 ——
1378 2379 1428 2418 19,
1455 2379 1476 2412 2
1502 2377 1601 2418 Quae

36 2429 403 2508 Ξὸθᾶθῗᾱῧιῶῗιῗῖ-ῑξὲἑ
426 2427 538 2506 ᾙηῖῗ
547 2427 691 2506 ’6111)θῖ
727 2427 945 2505 ᾞθῒέἃῃὲἶῗ
971 2427 1027 2503 ἓίι
1049 2426 1226 2503 {iffi}
1242 2426 1601 2504 d{}¹.¹¹'d{⁰”³‡2}ffl—ffi

37 2499 195 2553 remissio
227 2521 269 2553 E.
305 2539 344 2542 —
381 2518 440 2558 20,
467 2518 488 2552 3
520 2519 568 2551 Et
600 2528 664 2551 sua
690 2497 896 2550 resuri-ectio
932 2519 970 2549 Β.
996 2483 1052 2538 —p
1064 2517 1161 2549 Nach
1195 2498 1255 2548 26,
1281 2515 1302 2549 3
1328 2483 1601 2559 eingelschoben:

37 2566 210 2598 Malorum
227 2567 413 2598 diminutio
432 2566 488 2597 ΕΙ.
510 2583 547 2587 -
571 2563 626 2603 20,
641 2564 663 2596 4
680 2565 726 2595 Et
746 2565 913 2594 virtutum
932 2564 974 2600 F,
1000 2563 1047 2594 Et
1064 2569 1144 2594 tuae
1163 2573 1203 2593 ac
1221 2572 1304 2594 suae
1321 2565 1462 2604 pietatis
1481 2567 1601 2604 optata

39 2613 243 2654 propitiatio
268 2613 294 2643 Ι.
318 2629 363 2633 -
389 2611 487 2643 Nach
513 2609 568 2649 20,
591 2610 613 2642 4
639 2610 723 2641 wird
750 2609 945 2651 beigefiigt:

78 2674 128 2708 E:
155 2671 275 2716 Atque
301 2675 375 2706 eius
401 2674 572 2711 ascensio,
897 2673 941 2702 B:
968 2672 1061 2702 Laus
1086 2672 1236 2702 trinitati
1261 2670 1389 2704 debita.

154 2721 304 2760 Spiritus
330 2721 442 2751 sancti
466 2720 600 2750 missio.
968 2717 1101 2754 Honor,
1127 2721 1282 2758 potestas
1306 2716 1365 2752 (et)
1388 2716 1501 2757 gloria

150 2765 204 2796 Tu
227 2763 314 2796 haec
339 2765 424 2796 mihi
449 2765 508 2796 des
532 2764 672 2806 gaudia,
970 2763 1174 2793 Perenniter
1200 2764 1246 2794 sit
1271 2763 1387 2793 onmia

150 2809 235 2841 Cum
260 2811 336 2851 ipso
363 2811 429 2841 sim
454 2811 490 2840 in
517 2810 640 2851 gloria.
970 2808 1011 2838 In
1037 2808 1255 2839 saeculorum
1281 2806 1430 2838 saecula.
