1785 3111
788 55 1090 96 -382—

280 175 346 212 22.
390 171 548 218 Augeae,
580 170 643 216 qui
674 173 836 206 maestos
868 174 905 205 et
934 169 1061 206 tristia
1091 170 1206 206 corda
1237 179 1402 213 serenas,

277 444 343 483 23.

279 717 348 753 24.

283 988 349 1025 25.

283 1260 350 1299 26.

286 1533 353 1570 27.

285 1804 352 1841 28.

284 2075 351 2112 29.

287 2342 351 2378 30.

289 2606 355 2643 31.

388 226 523 272 Aufer,
556 237 648 273 quas
679 227 804 276 timeo,
839 227 992 263 meritas
1024 237 1093 272 pro
1125 225 1281 262 crimine
1311 235 1473 274 poenas3

385 284 536 321 Crimen
569 294 729 329 namque
760 293 880 319 meum
913 283 1039 330 pelagi
1070 283 1261 329 superavit
1295 292 1443 329 arenas,

385 341 443 377 Tu
471 340 585 387 mala,
617 351 712 386 quae
744 341 873 381 merui,
898 349 1057 376 remove
1088 343 1286 387 tormenta,
1319 343 1485 378 catenas,

390 442 549 488 Angele‚
582 442 761 478 mundani
794 447 1021 488 consurgunt
1054 442 1219 487 undique
1248 440 1397 489 fluctus,

390 498 569 545 Undique
601 497 775 547 formido,
810 498 1001 544 lacrimae,
1032 498 1207 544 suspiria,
1239 498 1374 545 luctus,

392 555 640 601 Iustitiaeque
671 555 758 591 boni
790 555 851 592 vix
883 559 970 591 sunt
1000 554 1070 590 hoc
1100 559 1270 600 tempore
1299 553 1464 600 fructus3

393 612 470 649 Sed
502 616 556 648 tot
589 611 636 648 ab
668 611 858 648 aerumnis
889 611 958 647 sim
995 615 1032 647 te
1065 615 1265 648 revocante
1297 611 1489 649 reductus,

395 714 553 763 Angele,
588 723 701 760 saepe
733 713 803 754 rui,
836 713 921 749 volo
951 722 1105 759 surgere
1135 723 1268 759 meque
1300 712 1428 761 fatigo,

394 770 643 817 Membraque
675 780 756 806 cum
790 770 891 805 vitiis
922 768 1011 805 fidei
1043 770 1233 816 sartagine
1266 768 1362 815 frigo

389 828 441 865 Et
472 838 553 864 cum
588 826 834 865 daemonibus
866 827 940 873 iugi
973 826 1179 863 certamine
1209 824 1309 872 fligo,

390 885 529 931 Meque
560 884 647 921 iuva
678 894 747 930 per
778 894 873 931 eum,
906 883 1011 919 cuius
1042 883 1209 919 nescitur
1240 883 1359 927 origo.

400 987 557 1033 Angele,
590 986 653 1032 qui
684 996 786 1022 meus
818 996 856 1021 es
888 986 1129 1031 paedagogus
1161 991 1198 1021 et
1227 985 1372 1021 assecla
1404 984 1525 1033 dives,

392 1043 462 1088 Qui
493 1043 685 1079 tribuente
717 1042 797 1078 Deo
829 1041 920 1078 felix
951 1052 1020 1088 per
1051 1041 1201 1078 saecula
1233 1042 1349 1087 vives,

392 1099 516 1137 Ducat
546 1100 594 1136 ad
627 1098 800 1135 aetheros
831 1103 896 1134 tua
926 1109 985 1134 me
1016 1098 1215 1134 clementia
1247 1098 1359 1144 cive5‚

394 1156 475 1193 Nec
507 1166 566 1192 me
597 1167 667 1202 pro
697 1155 842 1191 meritis
873 1160 1027 1191 aeterno
1058 1155 1198 1191 lumine
1229 1155 1368 1202 prives.

397 1258 555 1305 Angele‚
589 1257 693 1294 cuius
723 1257 763 1294 id
795 1261 852 1293 est
885 1257 1038 1294 deitatis
1067 1267 1176 1293 nosse
1206 1255 1449 1304 profundum,

399 1315 470 1361 Qui
501 1319 609 1361 potes
640 1314 677 1350 in
710 1319 850 1360 puncto
881 1318 998 1350 totum
1032 1324 1255 1360 percurrere
1286 1314 1480 1362 mundum,

400 1372 533 1419 Curre5
566 1371 663 1417 veni,
697 1369 755 1407 fer
786 1381 892 1417 opem
925 1371 1035 1407 simul
1068 1376 1103 1406 et
1135 1371 1324 1407 munimen
1355 1371 1559 1418 abundum,

395 1428 553 1475 Semper
581 1428 714 1465 adesto
746 1427 837 1463 mihi
869 1438 1050 1475 praesens
1082 1438 1164 1464 mea
1195 1431 1282 1464 vota
1313 1428 1532 1465 secundum.

399 1531 560 1579 Angele,
594 1530 770 1577 peccavi3
804 1541 875 1566 non
907 1533 995 1565 sunt
1023 1533 1079 1566 tot
1109 1529 1146 1566 in
1178 1540 1340 1576 aequore
1371 1530 1509 1578 stillae,

398 1587 483 1624 Non
516 1591 571 1623 tot
602 1588 639 1623 in
671 1586 762 1623 orbe
794 1592 945 1623 manent
976 1597 1045 1632 per
1076 1597 1191 1632 regna
1221 1586 1384 1623 iacentia
1415 1586 1540 1632 villae,

395 1645 493 1690 Quot
523 1644 622 1680 mala
654 1643 835 1688 commisi,
867 1653 986 1689 neque
1017 1647 1105 1679 sunt
1135 1646 1189 1679 tot
1221 1644 1259 1679 in
1291 1644 1377 1690 igne
1408 1642 1584 1692 favillae3

399 1701 554 1738 Evacua
585 1705 709 1737 tamen
741 1701 845 1747 haee,
879 1700 1048 1746 quamvis
1079 1699 1154 1736 sint
1183 1700 1303 1736 millia
1333 1700 1448 1739 mille.

400 1803 560 1849 Angele⁷
594 1803 711 1838 multa
742 1802 811 1838 tibi
843 1812 925 1838 mea
957 1812 1037 1838 sum
1069 1806 1224 1848 peccata
1256 1800 1449 1848 professus

395 1859 447 1896 Et
478 1869 597 1905 prope
630 1857 752 1895 defeci
786 1859 979 1904 culparum
1011 1861 1180 1904 pondere
1210 1869 1386 1906 pressus3

397 1916 454 1952 Tu
484 1925 635 1952 remove
668 1915 798 1961 culpas
830 1920 866 1951 et
897 1915 1033 1951 mentis
1067 1915 1188 1961 dirige
1220 1926 1381 1961 gressus,

397 1972 507 2009 Mens
539 1975 579 2008 ut
609 1972 706 2008 inire
736 1975 847 2018 queat
879 1974 1029 2008 sanctos
1060 1976 1186 2008 erecta
1217 1982 1400 2011 recessus

399 2074 558 2121 Angele‚
592 2074 739 2120 respice
770 2084 829 2109 me
860 2074 1035 2110 miserum
1068 2078 1226 2120 peccata
1258 2073 1450 2124 fatentem,

400 2130 524 2168 Effice
555 2141 725 2167 securum
759 2130 934 2176 precibus
966 2134 1153 2166 tormenta
1183 2134 1382 2176 paventem

399 2187 639 2233 Auxiliisquc
670 2187 744 2223 tuis
776 2187 825 2223 ad
857 2187 1001 2223 caelum
1034 2187 1154 2233 dirige
1185 2190 1359 2233 mentem,

398 2244 566 2280 Mentem
599 2255 781 2290 corporea
811 2243 879 2280 sub
912 2243 1129 2280 conditione
1160 2248 1382 2290 gementem,

398 2340 557 2386 Angele,
589 2352 661 2386 quo
694 2339 833 2386 fugiam
847 2342 864 2375 2²
895 2344 949 2376 tot
982 2344 1069 2376 sunt
1098 2341 1287 2377 contraria
1317 2341 1439 2390 laetis,

399 2397 454 2435 Ut
484 2397 546 2433 vix
578 2395 767 2433 sufficiant
800 2397 887 2433 ullis
919 2397 1116 2433 recitanda
1147 2397 1280 2443 poetis,

398 2453 471 2490 Vix
503 2456 540 2488 et
570 2464 637 2499 ego
668 2454 813 2490 valeam
846 2457 993 2499 portum
1027 2464 1182 2499 sperare
1213 2454 1370 2499 quieti83

402 2509 477 2546 Sed
505 2514 545 2546 tu
576 2520 657 2546 cum
689 2510 800 2546 sociis
831 2510 995 2556 requiem
1028 2515 1251 2556 portumque
1282 2509 1434 2556 rogetis.

403 2605 560 2653 Angele,
594 2604 743 2653 festina,
777 2610 860 2651 tege
891 2617 949 2641 me
979 2605 1183 2641 munimine
1213 2610 1320 2651 grato

404 2662 649 2707 Invidiaeque
680 2663 816 2697 malum
850 2660 1069 2707 fraudisque
1100 2672 1242 2698 venena
1274 2660 1414 2707 fugato,

404 2719 511 2755 Intus
543 2722 580 2753 et
611 2719 775 2753 exterius
807 2729 864 2753 nie
896 2729 1045 2764 semper
1075 2717 1286 2763 purificato,

404 2775 457 2812 Ut
488 2784 555 2820 per
586 2778 622 2809 te
654 2785 800 2810 mercar
832 2786 945 2821 regno
977 2775 1140 2819 gaudere
1174 2774 1295 2812 beato.
