1785 3111
798 74 1108 114 —350-

200 193 223 229 6
242 201 277 228 a.
310 190 393 226 Non
425 189 527 236 licet,
559 189 693 236 inquit,
726 193 764 225 te
1021 188 1099 227 6b.
1132 190 1272 227 Vocem
1302 189 1531 228 incantantis

312 244 442 282 fratris
474 245 528 282 tui
1132 246 1327 293 sapienter

313 301 453 338 habere
483 301 677 348 coniugem
1134 303 1309 339 Herodes
1340 305 1382 339 ut
1412 303 1514 349 aspis

313 363 461 404 raptam
492 357 578 405 sibi,
899 368 903 371 ’
1135 359 1251 396 surda
1282 359 1439 409 spernit,

314 414 494 462 peccasti,
1135 420 1176 452 ut
1206 416 1344 452 iustum

315 471 477 517 quiesce,
1136 477 1171 508 et
1204 477 1375 510 sanctum

314 527 596 574 paenitentibus
1136 529 1341 565 Iohannem
1372 529 1492 577 timet,

315 584 369 621 sic
400 584 589 631 praecipit
621 584 818 623 Dominus,
1134 596 1243 631 quem
1275 586 1394 623 vinxit
1425 586 1464 622 in
1496 596 1662 626 earcere.

203 688 222 724 7
245 698 279 725 a.
312 686 429 724 Sedet
461 687 498 722 in
531 686 698 723 tenebris
1028 688 1048 724 7
1070 686 1108 726 b.
1141 687 1278 724 Studet
1309 687 1455 724 deliciis

315 744 469 780 lucerna
498 743 604 792 lucis,
1134 744 1265 780 mundi
1297 744 1481 791 principis

318 801 458 836 amicus
491 799 779 847 omnipotentis,
1136 799 1236 837 filius
1268 801 1506 847 perditionis

208 903 230 939 8
249 913 283 940 a.
314 902 502 939 Meretrix
533 902 679 949 suadet,
1024 903 1046 939 8
1065 901 1099 938 b.
1134 902 1207 939 Dat
1240 913 1307 939 rex
1338 903 1492 939 saltanti

318 962 407 994 nata
438 963 627 1004 precatur,
1135 963 1250 1005 caput
1281 959 1472 1005 Iohannis,

320 1025 386 1051 rex
418 1014 534 1060 iubet,
567 1018 718 1051 sanctus
1137 1017 1199 1062 qui
1233 1020 1383 1053 sanetus
1415 1021 1502 1053 ante

319 1071 542 1109 decollatur.
1138 1072 1179 1109 fit
1211 1084 1320 1118 quam
1352 1078 1476 1112 natus.

204 1179 227 1211 ἓ)
248 1185 281 1211 a.
310 1173 383 1215 En,
418 1173 605 1219 quomodo
1027 1174 1050 1211 9
1070 1172 1106 1211 b.
1139 1172 1230 1210 Cum
1263 1174 1311 1210 sit
1342 1174 1421 1210 eius

321 1229 418 1276 perit
451 1230 585 1275 iustus,
1142 1230 1309 1276 pretiosa

320 1287 426 1333 quasi
457 1297 531 1322 non
563 1287 612 1322 sit
643 1286 723 1323 Deo
1140 1298 1239 1323 mors
1271 1287 1364 1324 haec
1394 1287 1431 1323 in
1465 1291 1668 1335 conspectu

319 1344 492 1389 dilectus,
530 1376 533 1379 .
1137 1343 1301 1382 Domini.

182 1447 283 1484 lOa.
316 1446 396 1483 Nos
428 1447 542 1483 corde
573 1446 817 1495 percipimus,
999 1447 1049 1485 10
1068 1446 1104 1484 b.
1137 1446 1234 1484 Nam
1267 1451 1386 1483 morte
1416 1447 1636 1493 turpissima

321 1503 444 1549 qualis
475 1508 512 1539 et
534 1509 694 1550 quantus
717 1509 786 1551 est,
815 1514 924 1550 quam
1141 1503 1342 1540 damnatur
1372 1514 1544 1551 sponsus,
1578 1504 1706 1550 sponsi

322 1560 537 1596 convicinus
571 1561 755 1607 dignitate
1141 1564 1176 1596 et
1207 1560 1366 1597 amicum
1401 1560 1555 1598 damnat
1584 1564 1704 1597 morte

322 1616 472 1653 Christo
503 1618 550 1653 sit
583 1621 619 1653 et
650 1622 782 1656 morte.
1140 1621 1241 1653 recte
1271 1617 1502 1664 turpissima,

183 1720 283 1757 1121.
317 1718 478 1756 Carcere
511 1719 634 1755 earnis
1000 1720 1047 1756 11
1068 1719 1102 1756 b.
1135 1719 1183 1755 Et
1217 1730 1283 1755 nos
1314 1719 1352 1755 in
1384 1719 1499 1756 terris

324 1775 473 1811 ductum
505 1786 613 1822 quem
646 1774 772 1812 ferunt
1139 1776 1209 1812 tibi
1241 1776 1405 1821 psallere

323 1832 522 1877 psallendo
1138 1830 1211 1878 fae,
1245 1832 1406 1879 Christe,

323 1889 437 1925 caelis
469 1889 592 1935 angeli
624 1889 810 1935 angelum.
1138 1889 1175 1924 in
1205 1889 1422 1925 memoriam
1456 1888 1658 1936 baptistae,

616 1991 678 2028 12.
727 1990 890 2027 Herodis
922 1995 1051 2037 spreta

722 2058 795 2093 quo
824 2058 965 2092 mensa,

726 2104 847 2150 ipsum
880 2108 917 2140 te
949 2104 1036 2140 dum
1069 2104 1260 2151 sumimus,

725 2171 877 2206 semper
908 2160 978 2196 tibi
1010 2161 1229 2206 psallamus

277 2260 380 2292 Grad.
407 2271 469 2292 mS.
497 2262 756 2299 Secovienset⁴?)
780 2272 868 2292 save.
899 2259 948 2292 12.
991 2261 1073 2293 Cod.
1100 2261 1340 2292 Vindobonen.
1370 2259 1493 2291 13314.
1512 2261 1551 2291 A.
1570 2278 1613 2288 -—‚
1637 2260 1739 2294 Grad.

181 2316 242 2337 ins.
269 2306 523 2337 Ottoburanum
551 2317 641 2338 saec.
663 2305 713 2338 12.
732 2308 817 2338 olm.
837 2308 1018 2338 Monacen.
1038 2304 1166 2337 27130.
1187 2308 1227 2337 B.
1246 2324 1288 2327 —
1305 2307 1402 2337 Miss.
1422 2317 1482 2337 ms.
1498 2307 1739 2348 Maguntinum

180 2353 355 2392 (Monam.)
380 2362 469 2382 saec.
500 2350 549 2383 13.
579 2354 624 2382 in.
673 2353 756 2384 Uod.
785 2353 946 2384 Rossian.
971 2353 1057 2383 VIII
1086 2351 1158 2383 120.
1179 2353 1215 2384 C.
1235 2370 1277 2372 —
1296 2352 1398 2392 Trop.
1419 2362 1479 2383 ms.
1498 2352 1740 2392 Wingartense

182 2396 224 2434 (Ψ)
249 2407 336 2427 saec.
375 2394 424 2427 13.
475 2398 558 2428 Cod.
586 2396 837 2438 Stuttgardien.
874 2398 948 2429 ΗΒ.
978 2396 992 2428 1
1019 2398 1088 2428 Asc
1123 2396 1175 2428 95.
1203 2398 1279 2428 add.
1306 2407 1394 2428 sace.
1426 2395 1474 2428 13.
1501 2398 1543 2428 D.
1568 2415 1612 2418 —
1636 2396 1739 2429 Grad.

183 2452 244 2472 ms.
270 2442 512 2480 Augustanum
540 2453 629 2473 saec.
659 2442 709 2474 13.
736 2443 821 2475 Ulni.
842 2444 1025 2474 Monacen.
1050 2441 1149 2474 3914.
1169 2443 1209 2474 E.
1230 2461 1259 2464 —
1288 2443 1739 2485 Miss.1ns.13ambergense

182 2497 271 2519 saec.
300 2485 350 2518 15.
399 2487 481 2518 (jod.
506 2489 668 2519 Rossian.
694 2489 779 2519 VIII
804 2486 881 2519 ⁶232.
908 2489 944 2519 F.

275 2530 304 2571 1,
334 2530 355 2564 3
380 2532 466 2563 fehlt
492 2533 562 2563 CI).
589 2552 617 2556 -
661 2532 687 2571 1,
714 2532 736 2564 4
762 2534 946 2574 prudenter
972 2534 1069 2565 BCF.
1095 2551 1137 2555 ——
1163 2532 1183 2563 3
1194 2544 1223 2571 a,
1251 2532 1271 2564 2
1297 2543 1495 2574 percussam
1513 2533 1556 2564 D.
1574 2550 1619 2554 —
1637 2530 1699 2571 31),
1720 2530 1733 2563 1

183 2578 321 2609 sonavit
356 2579 395 2609 A.
428 2596 470 2599 —
505 2577 566 2615 Ala,
601 2577 621 2609 4
655 2579 718 2610 hoe
744 2580 830 2610 fehlt
854 2580 898 2614 F;
925 2582 959 2609 et
983 2578 1068 2609 haec
1095 2580 1131 2609 Β.
1157 2596 1202 2599 -
1226 2576 1286 2615 61),
1315 2577 1334 2608 6
1360 2583 1397 2608 ut
1423 2581 1579 2609 sanetum
1608 2577 1672 2609 CF.
1697 2594 1739 2599 —-

181 2621 245 2660 61)7
278 2622 296 2654 7
332 2625 456 2654 timens
494 2625 533 2654 I).
570 2642 611 2644 >—
640 2623 696 2662 721,
723 2624 742 2654 2
777 2625 894 2655 lucens
919 2625 962 2655 D.
989 2642 1030 2646 —
1058 2622 1120 2660 71),
1146 2625 1165 2654 ⁶:
1190 2626 1350 2665 princeps
1376 2623 1479 2654 liuius
1503 2623 1542 2654 A.
1568 2640 1609 2644 -—-
1635 2622 1696 2661 Sa,
1720 2620 1740 2654 2

182 2669 303 2710 puella
337 2669 440 2699 saltat
476 2670 511 2702 F,
546 2686 590 2691 —-
622 2670 684 2706 «81),
714 2667 734 2699 3
761 2674 945 2710 antequam
972 2670 1018 2700 sit-
1042 2673 1144 2699 natus
1170 2667 1207 2699 F.
1234 2686 1269 2689 —
1301 2669 1361 2706 bsb,
1386 2667 1407 2699 4
1433 2670 1478 2699 sit
1503 2679 1606 2709 quam
1631 2669 1674 2699 D.
1698 2686 1740 2691 —

181 2713 244 2750 9b,
281 2712 296 2745 1
334 2715 425 2745 Dum
460 2715 506 2745 sit
541 2714 611 2745 CI).
644 2731 687 2734 -—
722 2713 783 2752 91),
817 2714 837 2746 3
870 2714 927 2745 hie
951 2715 991 2746 A.
1017 2731 1059 2736 --
1087 2712 1168 2751 1051,
1199 2712 1213 2744 l
1241 2715 1457 2755 percepimus
1485 2715 1520 2745 1⁴¹.
1546 2731 1588 2735 —-
1616 2711 1695 2752 loa,
1721 2710 1741 2744 2

184 2759 265 2790 talis
300 2770 339 2791 ac
365 2762 481 2791 tantus
507 2760 618 2799 ABD,
656 2763 708 2790 est
740 2760 825 2791 t'elilt
848 2761 888 2791 A.
913 2777 958 2782 —
985 2758 1065 2796 lOa,
1091 2757 1111 2790 3
1137 2760 1218 2799 quia
1246 2760 1394 2790 vicimus
1423 2760 1515 2790 BCF.
1541 2776 1582 2780 —-
1611 2757 1652 2791 10
1665 2759 1697 2797 b,
1720 2756 1741 2790 3

183 2815 232 2845 sq.
259 2808 292 2836 et
317 2806 467 2836 amicum
497 2809 605 2836 morte
632 2806 725 2845 turpi
750 2806 891 2837 damnat
918 2805 1110 2846 turpissimi
1137 2806 1176 2835 A.
1203 2822 1245 2826 -
1277 2803 1357 2842 lob,
1383 2803 1406 2835 4
1431 2805 1631 2845 turpissima
1649 2803 1738 2834 korr.
