1785 3111
127 421 176 458 15

124 704 176 740 20

123 987 174 1023 25

125 1269 176 1306 30

121 2004 172 2041 10

118 2285 166 2323 15

115 2568 167 2605 20

210 195 307 232 Dum
339 193 524 229 insultans
555 192 768 239 insurgeret

212 251 261 288 Et
293 248 592 296 blasphemando
625 249 787 286 diceret:

213 306 277 356 „Si
306 310 347 342 tu
379 316 417 342 es
448 305 521 342 Dei
550 304 662 353 filius,

213 363 325 401 Salva
356 362 594 408 temetipsum
624 366 661 398 et
691 370 771 400 nOS.

210 419 304 457 Esto
334 419 404 455 tibi
434 418 635 466 propitius,

209 476 278 522 Tu,
311 476 373 522 qui
406 475 562 514 salvasti
593 472 738 520 alios“;

208 532 306 569 Dum
339 532 437 569 alter
467 531 566 568 hunc
598 531 806 577 corriperet

209 589 261 626 Et
290 588 389 625 hunc
419 589 574 625 stultum
605 587 835 636 ostenderet,

210 645 310 682 Dum
341 656 381 682 se
411 645 551 682 malum
584 644 807 681 concederet

212 702 261 739 Et
293 706 332 738 te
361 702 500 738 iustum
531 706 730 750 assereret,

210 758 308 795 Dum
341 758 389 795 ad
421 762 458 795 te
490 768 529 794 se
562 762 799 795 converteret

210 815 262 852 Et
294 815 456 862 supplex
487 814 558 851 tibi
591 814 756 851 diceret:

210 872 402 909 Memento
433 871 520 915 mei,
552 871 726 920 Domine,

208 928 308 965 Dum
339 929 388 965 ad
420 932 521 965 tuum
555 928 774 974 perveneris

210 985 379 1031 Regnum
411 985 563 1031 plenum
597 984 810 1028 dulcedine,

209 1040 308 1078 Dum
339 1045 376 1077 te
407 1051 535 1088 regem
566 1040 798 1086 ostenderis,

208 1097 265 1134 Tu
296 1109 425 1134 amans
456 1097 739 1144 paenitentiam,

211 1154 336 1192 Corda
366 1154 520 1191 trahens
552 1164 622 1200 per
650 1154 823 1200 gratiam,

211 1210 298 1248 Non
327 1211 447 1248 solum
480 1211 576 1248 hanc
607 1210 823 1248 memoriam

211 1267 453 1306 Concessisti.
486 1268 553 1304 sed
585 1267 743 1314 gloriam

864 78 946 119 578
1006 101 1055 107 -—

1028 193 1216 230 Dicens:
1236 192 1374 243 Amen,
1394 193 1477 230 dico
1490 193 1572 238 tibi,
1583 193 1697 230 hodie

1027 260 1177 286 mecum
1208 250 1281 287 eris
1312 249 1355 286 in
1377 249 1584 296 paradiso,

1155 330 1177 353 >ie
1441 330 1463 354 >ie

1297 361 1319 386 >k

1030 419 1059 456 O
1089 423 1266 465 prompta
1298 418 1369 456 Dei
1401 418 1552 466 caritas,

1031 476 1212 521 Prompta
1243 476 1517 524 misericordia,

1031 532 1060 570 O
1093 537 1270 579 prompta
1299 533 1523 579 liberalitas,

1033 589 1213 635 Prompta
1245 588 1513 633 munificentia,

950 648 1000 684 35
1032 645 1095 682 Ad
1127 650 1166 682 te
1197 645 1315 682 currit
1346 645 1508 692 devotio,

1030 702 1093 739 Ad
1124 706 1162 738 te
1192 702 1289 738 redit
1322 702 1514 746 memoria,

1030 759 1093 796 Ad
1124 762 1161 795 te
1190 759 1344 805 languet
1374 757 1523 795 affectio

1028 815 1078 852 Et
1110 815 1158 852 ad
1190 819 1228 851 te
1259 815 1502 861 paenitentia.

1030 873 1166 911 Coram
1197 876 1234 907 te
1259 871 1301 908 fit
1333 882 1374 908 co

946 929 997 967 40
1030 928 1116 965 Tibi
1146 933 1278 976 patent
1308 939 1399 975 prae

1030 985 1122 1022 Ideo
1153 995 1236 1021 curn
1268 984 1405 1022 fiducia

1030 1041 1117 1078 Tibi
1147 1052 1358 1092 precamur,
1393 1041 1418 1078 L

1030 1098 1101 1143 Qui
1132 1108 1171 1134 es
1203 1098 1283 1135 sine
1313 1098 1426 1135 malitv

1034 1154 1143 1192 Solus
1176 1159 1212 1191 et
1243 1155 1324 1191 sine
1356 1154 1525 1201 crimine,

942 1211 993 1248 45
1027 1211 1071 1247 In
1102 1214 1166 1248 tua
1197 1211 1383 1257 patientia

1026 1268 1220 1305 Memento
1253 1267 1386 1313 nostri,
1414 1266 1588 1306 Domine.

685 1413 879 1445 Tertium
914 1413 1120 1445 Verbum.

202 1495 301 1540 Iesu,
333 1493 398 1531 lux
435 1497 470 1529 et
502 1503 568 1530 rex
596 1493 751 1541 gloriae,

206 1550 281 1587 Fili
315 1550 386 1587 Dei
419 1555 455 1586 et
486 1550 660 1599 hominis,

203 1608 304 1654 Iesu,
336 1605 404 1643 flos
435 1607 653 1655 pudicitiae,

204 1663 282 1702 Fili
306 1664 461 1701 -Mariae
495 1663 662 1711 virginis,

204 1720 304 1757 Dum
336 1720 429 1756 haec
460 1720 566 1766 virgo
597 1719 848 1765 sanctissima,

204 1776 301 1813 Tota
330 1777 443 1822 plena
476 1776 681 1822 doloribus,

205 1832 388 1870 Genetrix
420 1833 691 1879 amantissima,

205 1890 278 1926 Tot
310 1887 483 1926 confecta
514 1889 760 1937 maeroribus,

202 1946 285 1983 Tua
315 1950 436 1982 mater
468 1946 662 1982 carissima

205 2002 303 2039 Tota
335 2000 489 2050 perfusa
520 2000 681 2044 fletibus,

203 2058 342 2096 Nutrix
376 2058 676 2106 diligentissima,

202 2115 299 2152 Tota
330 2113 453 2152 fracta
484 2115 709 2162 singultibus

198 2172 311 2208 quta.
342 2181 490 2208 crucem
521 2172 716 2208 assisteret

200 2228 251 2265 Et
282 2232 319 2265 te
350 2229 578 2275 pendentem
611 2232 795 2276 cerneret,

201 2284 299 2321 Dum
331 2289 519 2322 tormenta
550 2285 787 2331 conspiceret

199 2341 251 2378 Et
282 2351 374 2387 prae
405 2341 508 2377 luctu
541 2341 731 2387 deficeret,

199 2398 258 2436 Tu
288 2397 421 2434 videns
450 2402 609 2435 matrem
639 2396 817 2446 flebilem,

199 2455 373 2492 Pressam
404 2455 669 2501 amaritudine,

198 2510 362 2547 Matrem
393 2515 470 2546 tam
502 2511 768 2560 venerabilem,

199 2566 362 2613 Dignam
394 2566 639 2609 beatitudine,

199 2622 341 2659 Videns
372 2633 519 2669 quoque
548 2623 773 2669 discipulum

198 2682 375 2716 Amatum
407 2682 444 2715 et
474 2679 685 2727 amabilem,

198 2735 370 2773 Fidelem
401 2735 473 2773 Dei
504 2734 696 2783 famulum,

199 2792 402 2829 Iohannem
434 2792 512 2829 vita
541 2792 706 2829 nobilem

943 1496 994 1533 25
1027 1494 1251 1540 Adloquens
1281 1493 1411 1531 ambos
1443 1492 1608 1530 dulciter

1027 1551 1118 1588 Piae
1150 1551 1251 1588 vocis
1283 1550 1436 1588 oraculo

1028 1607 1311 1645 Commendasti
1342 1606 1557 1653 benigniter

1025 1664 1190 1701 Matrem
1222 1663 1324 1700 tristi
1357 1663 1544 1710 discipulo

1025 1720 1213 1758 Dicens
1235 1720 1404 1757 matri:
1433 1718 1591 1766 Mulier,
1615 1729 1695 1757 ecce

1022 1775 1130 1824 filius
1161 1779 1263 1816 tuus,
1314 1776 1506 1815 Deinde
1538 1775 1635 1813 dis-

1025 1834 1220 1882 cipulo,
1253 1834 1365 1879 Ecce,
1397 1836 1520 1870 mater
1550 1835 1631 1870 tua.

1308 1973 1329 1997 ss

1023 2059 1052 2097 Ο
1084 2059 1205 2105 qualis
1236 2058 1478 2106 permutatio,

938 2117 989 2155 30
1021 2116 1051 2154 Ο
1083 2119 1223 2162 quanta
1253 2115 1515 2163 inaequalitas,

1022 2173 1051 2210 O
1083 2172 1205 2219 qualis
1237 2171 1459 2217 consolatio,

1021 2229 1051 2267 Ο
1083 2240 1193 2275 quam
1225 2238 1363 2276 magna
1392 2227 1594 2273 acerbitas,

1020 2286 1119 2322 Dum
1151 2289 1275 2322 custos
1306 2287 1418 2322 matri
1450 2284 1628 2333 traditur,

1020 2342 1095 2379 Pro
1126 2342 1307 2389 magistro
1339 2340 1561 2388 discipulus,

935 2400 986 2437 35
1020 2398 1120 2436 Dum
1153 2409 1222 2444 per
1252 2402 1411 2435 matrem
1442 2397 1650 2444 suscipitur

1021 2456 1097 2493 Pro
1128 2455 1209 2491 Deo
1241 2454 1299 2492 vir
1328 2454 1596 2501 pauperculus,

1021 2511 1121 2548 Dum
1151 2511 1263 2548 matri
1295 2516 1419 2548 custos
1450 2510 1615 2547 mittitur

1021 2569 1097 2606 Pro
1127 2577 1216 2614 rege
1244 2567 1406 2613 simplex
1438 2565 1624 2603 famulus!

1020 2624 1082 2661 Sic
1112 2627 1210 2666 tuae,
1242 2624 1339 2669 Iesu,
1372 2622 1517 2669 gratiae

934 2681 986 2719 40
1018 2680 1084 2718 Me
1116 2679 1335 2716 commendo
1366 2679 1559 2716 humiliter

1018 2736 1195 2782 Tuaeque
1225 2735 1491 2782 providentiae

1017 2793 1082 2830 Me
1112 2792 1304 2830 committo
1334 2792 1567 2839 perenniter,
