1785 3111
705 41 1013 82 -147—

312 157 348 196 7.
394 156 537 193 Beatae
565 157 678 194 modo
709 157 912 204 genetricis
944 157 1113 206 virginis,

393 213 554 262 Mariae,
587 215 709 251 sancti
741 214 908 250 Michael
939 218 976 250 et
1008 213 1177 261 Gabriel,

394 269 589 317 Iohannis,
622 270 725 308 Petri
760 271 940 317 Paulique
972 282 1040 307 nos
1071 271 1247 317 precibus

392 327 677 373 Apostolorum,
712 327 918 374 deprecatu
947 327 1087 364 adiuva

391 383 716 433 Patriarcharum,
750 384 1034 434 prophetarum,
1069 388 1292 431 martyrum.

308 502 345 541 8.
393 502 466 539 Dic
496 503 651 550 Austro,
682 501 776 540 flatu
806 502 1010 549 tranquillo
1043 513 1112 549 per
1142 513 1230 539 aera

392 559 560 596 Collecto
591 561 710 607 spiret
739 560 856 604 lento,
890 560 952 596 dic
986 556 1055 610 [et]
1087 558 1234 603 Africo,

394 617 542 663 Fugata
572 617 685 664 nube,
718 617 884 653 resoluta
915 616 1054 653 nebula

393 673 553 711 Cessent
583 673 718 710 effusas
750 674 917 710 irrorare
947 673 1109 720 pluvias,

392 730 551 766 Terram
583 729 712 767 fovere
743 730 834 766 solis
865 730 953 766 iube
985 729 1107 768 radio.

308 850 344 888 9.
392 849 535 898 Turbo,
563 849 746 896 procella,
778 852 985 895 tempestas
1015 849 1235 898 tonitruum,

393 906 529 952 Igneus
560 905 694 942 aether
725 910 947 942 coruscante
978 905 1157 951 lampade

394 962 474 999 Tuo
504 962 658 999 iubente
688 962 889 999 mitescant
918 962 1101 1010 imperio,

393 1019 620 1067 Flagellum,
652 1019 763 1065 digne
795 1019 895 1066 quod
926 1030 1125 1069 meremur,
1159 1018 1356 1066 grandinis

390 1075 480 1113 Sola
510 1077 701 1125 suspende
733 1076 932 1113 miseratus
962 1076 1097 1123 gratia.

278 1196 344 1234 10.
392 1195 471 1233 Nos
503 1207 629 1232 sumus
663 1196 766 1243 digni
798 1196 933 1243 milies,
966 1207 1076 1242 quam
1109 1196 1286 1243 patimur,

393 1253 590 1301 Vindicta,
622 1253 720 1289 iusto
752 1253 782 1289 si
816 1252 916 1289 feras
947 1253 1089 1289 iudicio

391 1310 575 1354 Percelli‘,
610 1316 763 1347 nostrae
795 1310 931 1356 quodsi
958 1309 1224 1346 recordaberis

392 1367 622 1413 Iniquitatis,
655 1367 829 1412 Domine,
863 1366 960 1413 quis,
993 1367 1167 1416 Domine,

386 1424 479 1461 Alta
509 1428 692 1474 potestas,
724 1424 912 1460 sustinere
943 1423 1115 1470 poterit?

277 1544 340 1582 11.
389 1543 465 1581 Sed
496 1544 584 1590 quia
614 1548 655 1579 tu
686 1554 725 1579 es
757 1544 854 1591 pius,
888 1543 1009 1580 dulcis
1041 1543 1237 1589 Dominus,

388 1600 508 1637 Totus
539 1600 665 1637 suavis
697 1611 741 1637 ac
773 1600 1054 1649 desiderabilis,

387 1657 509 1704 Mitis,
542 1656 737 1704 benignus,
771 1658 903 1693 unicus
935 1657 1185 1704 omnipotens,

386 1714 548 1751 Aeterni
578 1714 699 1761 patris
731 1718 772 1751 tu
805 1714 965 1751 dilectus
998 1713 1108 1764 filius,

386 1770 467 1808 Tuo
497 1781 565 1808 nos
598 1771 704 1808 salva
735 1781 869 1808 cruore
901 1770 1068 1810 rosifluo.

275 1895 341 1933 12.
391 1895 525 1943 Kyrie,
559 1896 712 1944 eleison,
747 1896 940 1942 miserere,
972 1895 1147 1942 Domine,

389 1952 509 1989 Parce
539 1953 726 2000 placatus,
756 1951 905 1989 infinita
935 1952 1072 2000 pietas,

389 2009 523 2056 Kyrie,
556 2009 710 2057 eleison,
743 2009 914 2057 subveni,
946 2009 1174 2054 misericors,

390 2066 563 2113 Indulge,
597 2067 718 2103 dulcis
749 2066 911 2116 bonitas,
944 2066 1139 2114 altissime,

385 2123 519 2170 Kyrie,
554 2123 709 2170 eleison,
743 2123 904 2173 Christe,
938 2126 979 2159 tu
1009 2134 1076 2160 nos
1108 2122 1242 2160 libera.

279 2248 339 2286 13.
388 2246 520 2285 Gloria
551 2247 632 2284 Deo
663 2248 765 2296 patri
797 2248 845 2285 sit
877 2246 1097 2296 altithrono,

389 2303 522 2341 Gloria
552 2314 702 2351 semper
734 2308 934 2341 coaeterno
965 2302 1056 2350 filio,

388 2360 446 2398 Sit
476 2371 627 2408 semper
657 2361 778 2398 omnis
809 2360 930 2407 gloria
961 2361 1162 2406 paraclito,

390 2417 528 2455 Trinus
560 2417 623 2464 qui
656 2422 789 2464 regnat
819 2417 923 2454 Deus
955 2422 992 2453 et
1022 2417 1258 2464 omnipotens

389 2474 435 2511 In
465 2485 598 2511 aevum
631 2479 667 2511 et
697 2475 797 2511 ultra
829 2485 898 2520 per
929 2478 1139 2521 cunctaque
1170 2474 1334 2513 saecula.

161 2596 304 2629 Collect.
330 2607 392 2628 ms.
417 2597 619 2635 Libehardi,
647 2598 772 2639 prioris
799 2597 1086 2638 Reichenbacen.,
1113 2599 1195 2629 anni
1223 2595 1321 2629 1476.
1340 2597 1426 2630 Clm.
1453 2598 1638 2628 Monac-en.

71 2638 170 2674 2990.
202 2659 246 2663 —-
276 2641 305 2681 1,
338 2640 359 2673 2
385 2643 538 2674 salvans.
572 2659 614 2664 —
650 2641 687 2681 2,
719 2641 738 2673 5
772 2643 916 2681 Nutrix,
951 2644 1129 2675 roricolas.
1163 2660 1207 2664 -—-
1240 2641 1272 2681 5,
1303 2640 1324 2674 3
1356 2643 1483 2674 dudum
1518 2648 1637 2673 nostra

70 2685 214 2728 deperit.
248 2705 290 2709 —
316 2685 347 2726 5,
371 2687 394 2719 4
429 2698 558 2719 somno.
585 2705 629 2709 —
661 2686 691 2726 6,
717 2686 739 2718 4
770 2688 950 2730 dissipate.
977 2706 1019 2711 -—-
1057 2687 1087 2726 7,
1119 2686 1140 2720 2
1170 2688 1355 2720 Michaelis
1387 2693 1421 2720 et
1452 2688 1636 2720 Gabrielis.

70 2747 114 2753 —-
138 2730 169 2770 9,
197 2730 214 2764 1
239 2734 416 2764 tonitrum.
442 2751 487 2754 —
522 2732 572 2772 10,
598 2731 619 2764 4
652 2734 855 2775 Iniquitate.
888 2751 926 2755 —
955 2732 1007 2773 13,
1031 2732 1053 2765 4
1078 2745 1128 2775 sq.
1154 2735 1281 2765 Trinus
1308 2735 1367 2775 qui
1393 2737 1515 2775 regnat
1541 2734 1636 2764 Deus

71 2780 106 2808 et
127 2787 217 2809 unus
242 2779 279 2809 in
304 2782 483 2810 aeternum
498 2775 542 2811 ¹et
566 2779 659 2810 ultra
684 2789 745 2821 per
770 2782 895 2810 cuncta
923 2780 969 2811 sit
993 2780 1143 2811 saecula.

1357 2833 1427 2869 1Οῆκ
