1785 3111
573 816 861 869 Iohannes
899 816 1299 880 TisserandUS,

643 921 780 959 Frater
811 921 966 960 Ordinis
998 922 1199 971 Minorum,

829 988 853 1034 ἢ
886 990 1009 1028 1494.

239 1112 419 1145 Johannes
438 1112 630 1149 Tisserant,
656 1112 794 1144 Doktor
818 1112 878 1143 der
894 1112 1097 1154 Theologie‚
1122 1112 1377 1144 Franziskaner
1401 1123 1445 1144 zu
1460 1114 1572 1151 Paris,
1590 1113 1720 1146 stiftete

148 1155 236 1189 1493
252 1158 319 1189 den
333 1158 448 1190 Orden
472 1157 532 1189 der
551 1168 623 1199 sog.
642 1157 925 1189 busswirkenden
938 1159 961 1190 J
964 1158 1158 1199 ungfrauen
1176 1158 1258 1189 oder
1271 1157 1463 1190 biissenden
1475 1158 1718 1199 Magdalenen‚

144 1203 255 1235 denen
280 1203 428 1245 Ludwig
457 1214 527 1234 von
552 1201 719 1241 Orleans,
744 1203 805 1235 der
831 1204 966 1245 sp'atere
993 1204 1111 1245 Konig
1134 1203 1283 1245 Ludwig
1306 1203 1398 1242 XII„
1424 1203 1486 1235 das
1512 1204 1627 1245 Spital
1649 1214 1720 1236 von

146 1248 295 1280 Orleans
320 1249 503 1281 iiberwies.
544 1247 622 1280 Wir
649 1249 805 1280 besitzen
828 1259 897 1280 von
914 1249 986 1280 ihm
1005 1250 1081 1280 eine
1100 1248 1308 1281 Gesehiehte
1325 1248 1386 1280 der
1402 1248 1481 1280 fiinf
1493 1250 1529 1279 in
1544 1249 1718 1281 Marokko

146 1298 379 1336 gemarterten
414 1293 690 1326 Franziskaner:
730 1295 837 1335 „Aeta
874 1294 1044 1326 Bernardi
1082 1294 1125 1326 de
1158 1294 1285 1325 Corbio
1319 1297 1352 1325 et
1384 1295 1536 1336 quinque
1571 1294 1719 1326 aliorum

146 1346 336 1380 martyrum
363 1339 495 1371 ordinis
522 1350 552 1370 s-
574 1340 764 1378 Francisci,
800 1336 887 1372 1220
920 1341 956 1371 in
980 1340 1196 1371 Mauritania
1228 1337 1453 1371 occisorum.“
1503 1340 1576 1372 Auf
1604 1339 1717 1371 dieses

146 1385 256 1416 XVerk
283 1384 421 1417 bezieht
447 1384 521 1416 sich
547 1384 635 1416 woh]
661 1385 750 1416 auch
767 1385 823 1416 die
841 1386 931 1417 Note
948 1386 1006 1418 bei
1025 1385 1217 1427 Sehulfing,
1244 1384 1467 1416 Bibliotheca
1479 1385 1720 1417 ecelesiastica.

146 1431 209 1465 ΙΙΙ,
239 1429 317 1461 114:
347 1431 531 1471 „Quinque
555 1431 729 1462 Minorum
755 1431 872 1472 passio
898 1430 1047 1463 habetur
1071 1432 1108 1462 in
1134 1431 1314 1462 Breviario
1332 1431 1509 1462 Minorum
1535 1432 1717 1472 antiquato

144 1476 180 1506 in
201 1475 326 1513 officio,
344 1475 437 1517 quod
455 1475 565 1507 edidit
581 1476 755 1508 Iohannes
774 1476 1016 1514 Tisserandus‚
1039 1476 1172 1508 ordinis
1191 1475 1344 1508 eiusdem
1362 1475 1482 1508 doctor
1498 1472 1715 1518 theologus.“

144 1522 217 1552 Hat
248 1521 332 1552 aber
356 1521 537 1553 Tisserant
573 1523 630 1553 ein
662 1523 802 1563 eigenes
828 1520 973 1553 Officum
1006 1521 1167 1560 verfasst,
1199 1520 1415 1563 so'geh61·en
1440 1521 1512 1553 ihm
1536 1521 1719 1553 vielleicht

145 1566 201 1597 die
220 1568 385 1608 Hymnen
410 1567 511 1598 Anal.
537 1567 636 1607 XIII,
656 1568 716 1599 Nr.
734 1564 915 1598 423-425
933 1577 988 1599 an.
1014 1584 1058 1589 -—
1082 1567 1163 1609 Vgl.
1179 1563 1305 1599 Iocher
1320 1567 1380 1605 IV,
1403 1564 1509 1607 12213
1531 1567 1715 1599 Fabricius

145 1611 204 1649 VI,
224 1610 300 1644 565.

239 1658 317 1693 Die¹
340 1658 425 1689 zwei
458 1656 534 1689 hier
559 1658 789 1699 mitgeteilten
814 1658 982 1690 Gediehte
1008 1657 1167 1690 befinden
1194 1657 1269 1689 sich
1293 1658 1356 1688 mit
1380 1656 1524 1699 Angabe
1549 1657 1608 1689 des
1633 1658 1717 1689 Ver-

148 1702 275 1734 fassers
303 1704 339 1734 in
364 1702 424 1734 der
448 1703 599 1741 Pariser,
625 1704 716 1735 einst
740 1703 1023 1736 Franziskanern
1047 1703 1237 1746 gehbrigen
1261 1702 1490 1734 Handsehrift
1513 1699 1612 1735 3639.

512 1870 593 1907 421.
630 1873 688 1915 (1.)
722 1872 781 1907 De
807 1873 960 1917 septem
986 1873 1105 1908 festis
1130 1871 1330 1916 Virginis.

146 1977 181 2014 1.
228 1977 322 2024 Ave,
356 1977 541 2025 genetrix,
573 1977 712 2023 Maria,
967 1980 1004 2017 3.
1049 1979 1144 2026 Ave,
1177 1978 1215 2014 in
1246 1977 1464 2015 innocentia

285 2032 357 2069 Dei
388 2034 470 2071 veri
502 2038 537 2071 et
568 2034 742 2084 hominis,
1043 2072 1046 2073 ⁷
1110 2034 1305 2080 Concepta
1336 2038 1374 2070 et
1403 2037 1662 2080 praeservata,

285 2089 407 2127 Plena
438 2090 593 2137 superni
623 2091 799 2138 numinis,
1108 2090 1223 2127 Nulla
1253 2089 1340 2127 labe
1370 2090 1559 2127 maculata

228 2144 427 2183 Offerimus
458 2151 584 2184 mente
614 2147 689 2193 pia,
1050 2147 1219 2184 Dextrae
1250 2146 1322 2183 Dei
1353 2146 1524 2193 potentia

283 2203 358 2240 Per
379 2204 480 2250 quod
497 2204 659 2241 mundus
676 2208 892 2253 renovatur,
1107 2203 1259 2241 Peccati
1290 2202 1486 2250 originalis

283 2258 383 2296 Dum
412 2260 472 2297 Ex
503 2260 585 2298 Eva
615 2261 698 2297 Ave
731 2260 865 2309 datur3
1107 2259 1188 2296 Nee
1219 2259 1436 2306 cuiusquam
1471 2258 1653 2307 actualis3

228 2314 401 2364 Suseipe,
435 2317 540 2364 virgo
569 2317 707 2357 Maria.
1049 2316 1110 2354 Ab
1141 2316 1200 2353 his
1231 2327 1300 2353 nos
1331 2316 1449 2362 solve,
1481 2315 1619 2353 Maria.

140 2439 178 2476 2.
224 2439 320 2482 Ave,
355 2450 487 2477 carens
518 2438 688 2486 infamia,
962 2443 999 2479 4.
1045 2441 1141 2487 Ave,
1175 2439 1222 2476 de
1253 2439 1372 2485 stirpe
1404 2438 1508 2486 regia

241 2538 246 2543 ,
283 2495 398 2533 Cuius
430 2494 501 2532 fuit
533 2496 806 2543 conceptio
1102 2496 1207 2544 orta,
1240 2495 1344 2532 cuius
1375 2495 1631 2532 nativitas

280 2551 422 2589 Dotata
452 2552 663 2600 privilegio,
1101 2552 1238 2589 Mundi
1269 2550 1340 2589 fuit
1370 2550 1597 2598 iucunditas,

224 2607 332 2653 Quod
362 2618 436 2645 non
468 2612 524 2645 est
557 2608 684 2646 datum
714 2609 753 2645 in
785 2609 845 2646 via
1043 2609 1274 2655 Angelorum
1305 2607 1464 2655 laetitia,

279 2664 451 2702 Filiabus
481 2665 590 2702 Adae
621 2665 721 2702 natis
1100 2665 1215 2704 Cuius
1245 2668 1331 2702 ortu
1361 2673 1461 2700 mors
1492 2663 1652 2700 moritur

280 2720 412 2768 Neque
443 2720 532 2758 filiis
565 2721 775 2769 damnatis3
1097 2721 1149 2758 Et
1178 2721 1257 2758 vita
1286 2720 1522 2769 restituiturz,

223 2776 336 2814 Salva
366 2788 447 2824 nos,
480 2782 613 2827 potens
644 2778 783 2817 Maria.
1041 2777 1150 2815 Hanc
1180 2777 1289 2814 nobis
1321 2774 1464 2822 confer,
1496 2776 1638 2814 Maria.
