1785 3111
663 67 971 108 —225—

339 213 420 249 170.
456 213 514 255 (5.)
549 213 699 249 Versus
724 213 771 248 de
797 213 970 248 Ploratu
996 211 1290 256 paenitentiae.

78 298 115 336 1.
148 296 178 334 Ο
210 296 327 340 Deus,
359 296 487 332 miseri
899 297 935 334 7.
968 296 997 333 Ο
1029 295 1145 341 Deus,
1178 293 1307 331 miseri

205 353 385 389 miserere
417 353 529 391 servi.
1025 352 1204 388 miserere
1235 350 1348 389 servi.

149 410 207 447 Ex
239 419 312 456 quo
345 409 443 446 enim
474 420 533 446 me
561 410 705 446 iussisti
967 409 1192 455 Voluptates
1225 419 1298 445 non
1331 407 1470 452 dimisi,

204 467 317 504 Hunc
347 467 386 503 in
417 467 597 504 mundum
629 467 746 514 nasei,
1025 466 1099 503 Sed
1132 465 1190 501 his
1223 476 1280 501 me
1311 464 1443 501 addixi

148 524 245 561 Prae
277 523 422 560 eunctis
456 533 523 570 ego
554 519 677 561 amavi
966 523 1018 560 Et
1050 523 1163 559 totius
1197 532 1253 558 me
1285 521 1432 568 peccati

177 580 354 618 Vanitate
384 580 502 626 pasci.
1026 579 1194 615 Vinculis
1228 578 1396 617 devinxi.

148 637 246 683 Heu,
279 637 371 684 quid
403 637 529 674 evenit
560 637 673 674 mihi!
966 637 1062 681 Heu,
1095 635 1186 682 quid
1219 635 1343 671 evenit
1372 634 1484 671 mihi!

79 731 114 769 2.
150 729 179 766 Ο
209 728 324 768 Deus.
359 728 487 764 miseri
897 727 934 767 8.
967 727 996 764 Ο
1030 727 1144 772 Deus,
1179 725 1307 762 miseri

205 785 386 821 miserere
416 785 528 824 servi.
1023 784 1203 819 miserere
1235 782 1349 819 servi.

148 842 206 880 Tu
237 853 309 890 me,
342 842 515 888 Domine,
549 839 685 889 fecisti,
968 841 1068 877 Iram
1100 845 1201 876 tuam
1234 839 1439 885 provocavi

204 899 256 936 Ut
288 899 471 935 servirem
501 898 594 943 tibi;
1023 897 1191 935 Crimine
1223 895 1412 942 frequenti

153 956 232 1002 Ego
263 956 379 992 miser
409 960 446 992 te
479 955 606 992 dimisi
966 955 1132 1000 Ideoque
1164 957 1201 989 te
1233 952 1373 989 offendi

205 1012 257 1049 Et
288 1012 398 1058 longe
428 1012 544 1052 abivi.
1023 1010 1173 1048 Offensa
1205 1010 1362 1056 ingenti.

149 1069 244 1120 Heu,
277 1069 369 1115 quid
399 1069 524 1106 evenit
556 1069 669 1107 mihi!
965 1068 1062 1113 Heu,
1095 1067 1186 1114 quid
1219 1067 1343 1103 evenit
1375 1066 1487 1102 mihi!

77 1161 115 1199 3.
148 1160 177 1198 Ο
210 1160 325 1208 Deus,
358 1160 485 1197 miseri
899 1160 935 1197 9'.
969 1159 998 1197 Ο
1033 1159 1146 1208 Deus,
1184 1157 1310 1194 miseri

203 1217 385 1254 miserere
415 1218 528 1256 servi.
1023 1216 1204 1252 miserere
1234 1214 1347 1254 servi,

146 1274 204 1311 Tu
234 1285 293 1310 me
324 1285 472 1322 quoque
503 1273 699 1311 redemisti
966 1273 1041 1310 Sed
1073 1273 1164 1319 quid
1195 1272 1306 1318 plura
1339 1271 1461 1307 dicam
1493 1270 1575 1319 tibi,

203 1331 260 1368 De
292 1331 378 1378 iugo
410 1331 552 1375 servili,
1023 1331 1052 1368 O
1084 1330 1146 1376 pia
1177 1329 1242 1365 lux
1274 1327 1420 1364 saecli?

145 1388 195 1425 Et
231 1399 299 1435 ego
331 1393 368 1424 te
397 1399 471 1425 non
502 1388 639 1435 agnovi
967 1387 1069 1424 Mala
1101 1396 1261 1433 quoque,
1305 1395 1399 1431 quae
1431 1385 1598 1434 permisi,

208 1445 291 1481 Nec
322 1445 372 1482 ad
404 1450 441 1482 te
473 1445 608 1483 redivi.
1025 1444 1169 1481 Cuncta
1201 1443 1316 1479 miser
1347 1440 1433 1481 feei.

146 1502 242 1545 Heu,
275 1502 367 1549 quid
398 1503 524 1539 evenit
554 1500 669 1542 mihi!
966 1501 1063 1545 Heu,
1097 1500 1188 1547 quid
1221 1500 1346 1536 evenit
1376 1499 1489 1535 mihi!

76 1595 113 1631 4.
147 1593 177 1630 O
209 1593 324 1641 Deus,
358 1593 486 1630 miseri
868 1593 931 1629 10.
964 1592 993 1629 O
1026 1592 1141 1635 Deus,
1174 1590 1302 1627 miseri

204 1650 384 1687 miserere
413 1650 526 1688 servi.
1023 1649 1203 1685 miserere
1235 1648 1347 1687 servi.

144 1706 342 1753 Mandata,
376 1718 471 1753 quae
502 1707 745 1757 praecepisti,
965 1705 1068 1752 Ergo
1099 1706 1173 1742 iam
1206 1715 1384 1741 succurre
1415 1703 1534 1751 flenti,

208 1764 309 1800 Proh
344 1764 464 1811 dolor,
496 1764 644 1814 reliqui,
1023 1762 1198 1805 Domine,
1233 1761 1374 1809 clienti,

147 1821 289 1858 Fateor
320 1831 413 1857 voce
443 1821 606 1870 lugubri,
967 1818 1121 1856 Scelera
1151 1819 1221 1855 tibi
1254 1817 1402 1862 fatenti,

204 1877 370 1914 Nimium
405 1878 560 1924 deliqui.
1028 1877 1184 1913 Veniam
1218 1876 1375 1924 petenti.

146 1934 244 1975 Heu.
278 1935 370 1981 quid
403 1935 528 1971 evenit
559 1935 672 1972 mihi!
964 1934 1061 1983 Heu,
1095 1934 1186 1980 quid
1219 1932 1344 1969 evenit
1376 1932 1487 1968 mihi!

77 2027 113 2065 5.
146 2025 175 2062 Ο
207 2025 324 2073 Deus,
356 2025 486 2062 miseri
868 2026 933 2064 11.
966 2025 996 2063 O
1028 2025 1142 2073 Deus,
1177 2023 1306 2060 miseri

201 2082 383 2119 miserere
414 2082 526 2120 servi.
1022 2082 1203 2118 miserere
1234 2080 1346 2119 servi.

146 2139 296 2175 Almam
319 2139 457 2187 legem,
489 2150 600 2186 quam
623 2138 777 2188 dedisti,
964 2138 1070 2176 Affer
1100 2148 1209 2184 opem
1241 2137 1426 2183 indigenti

204 2195 377 2242 Denique
408 2196 557 2243 neglexi
1022 2197 1102 2233 Iam
1135 2206 1245 2231 manu
1277 2193 1451 2230 clementi

146 2252 197 2289 Et
227 2253 308 2297 illa,
341 2263 436 2299 quae
464 2253 628 2302 vetuisti,
965 2253 1205 2298 Vulneraque
1237 2251 1428 2297 detegenti

202 2309 328 2346 Avide
361 2309 490 2347 dilexi.
1022 2308 1181 2346 Medere
1211 2307 1419 2354 languenti.

147 2366 243 2414 Heu,
276 2366 367 2413 quid
396 2366 521 2403 evenit
550 2365 662 2402 mihi!
964 2366 1062 2413 Heu,
1095 2366 1186 2412 quid
1218 2365 1343 2401 evenit
1375 2364 1490 2402 mihi!

79 2457 115 2496 6.
148 2457 177 2494 Ο
208 2456 325 2503 Deus,
357 2457 486 2493 miseri
870 2458 934 2495 12.
969 2457 998 2494 O
1030 2456 1146 2502 Deus,
1182 2456 1309 2492 miseri

202 2514 383 2550 miserere
414 2513 525 2551 servi.
1021 2513 1201 2550 miserere
1232 2513 1345 2551 servi.

149 2570 294 2608 Cuncta
324 2570 423 2607 bona
454 2570 661 2618 praeterivi
965 2569 1130 2607 Subveni
1162 2573 1199 2606 te
1228 2568 1422 2606 invocanti

202 2627 341 2664 Animo
372 2627 506 2664 libenti
1022 2627 1073 2664 Et
1104 2627 1141 2663 in
1173 2632 1210 2662 te
1241 2626 1423 2672 speranti,

148 2683 274 2730 Atque
306 2684 425 2720 multa
457 2684 556 2721 mala
585 2683 642 2731 egi
965 2684 1148 2721 Dextram
1177 2684 1237 2729 da,
1261 2693 1370 2729 quem
1389 2682 1597 2729 redemisti,

206 2741 366 2777 Pectore
397 2739 573 2779 ferventi.
1023 2741 1104 2777 Iam
1137 2739 1382 2786 periclitanti.

149 2796 245 2838 Heu.
280 2797 370 2843 quid
402 2798 529 2833 evenit
559 2797 672 2833 mihi!
963 2797 1061 2836 Heu.
1094 2797 1183 2843 quid
1217 2796 1341 2832 evenit
1374 2795 1485 2831 mihi!

105 2864 268 2891 Dreves.
295 2865 502 2892 Lateinische
523 2865 815 2900 Hymnendiehter.
845 2865 887 2892 II.
1355 2860 1394 2892 15
