1785 3111
415 1832 480 1870 10.

414 2105 479 2143 11.

415 2372 478 2409 12.

415 2637 478 2675 13.

764 81 1071 122 -156—

523 197 575 235 Et
607 196 692 243 pius
723 197 825 234 vitae
855 197 1076 234 moderator
1105 196 1216 233 huius

521 253 574 290 Et
602 253 713 290 labor
743 258 892 300 tempus
923 253 1061 290 habeat
1089 253 1279 303 quiesque,

521 310 695 356 Dumque
727 311 935 347 succedunt
967 309 1119 346 sibimet
1149 310 1328 359 vicissim,

659 367 739 404 Nos
770 367 1003 414 vegetemur.

522 469 636 519 Ecce,
671 472 886 506 transactus
917 468 1028 505 labor
1058 472 1116 505 est
1147 468 1235 514 diei,

521 525 676 572 Nosque
708 530 746 562 te
776 525 849 562 tuti
877 536 1005 562 sumus
1037 526 1241 575 adnuente,

521 583 593 631 En,
624 582 694 619 tibi
726 586 852 630 grates
884 582 1027 628 agimus
1059 593 1246 629 perennes

661 640 828 687 Tempus
859 639 897 675 in
929 649 1053 678 omne.

524 741 622 778 Solis
655 741 853 779 abscessus
883 741 1060 778 tenebras
1092 741 1269 787 reduxit3

524 798 595 835 Ille
626 799 682 835 sol
714 810 781 835 nos
812 798 974 835 irradiet
1006 809 1197 846 coruscuS,

522 855 624 892 Luce
656 856 719 902 qui
751 854 855 893 fulva
888 853 990 892 fovet
1022 855 1240 901 angelorum

659 913 823 960 Agmina
854 917 997 949 sancta.

524 1014 690 1051 Caelitus
720 1014 846 1050 lumen
879 1014 1033 1050 rutilum
1067 1011 1238 1057 refunde,

522 1071 575 1109 Et
607 1070 695 1118 fuga
726 1071 862 1107 mentis
893 1071 1047 1116 tepidae
1080 1070 1269 1113 tenebras,

523 1128 647 1165 Simus
679 1128 829 1165 accensi
861 1132 902 1164 ut
934 1127 1017 1163 face
1048 1127 1233 1174 spiritalis

661 1185 829 1222 Vascula
860 1184 968 1221 lucis.

523 1288 622 1334 Quas
656 1287 736 1324 dies
770 1287 900 1333 culpas
932 1287 1116 1323 hodierna
1147 1286 1255 1331 texit,

525 1344 698 1382 Christus
730 1344 856 1380 deleto
888 1344 972 1390 pius
1005 1351 1118 1390 atque
1149 1343 1265 1389 mitis,

524 1402 661 1438 Pectus
693 1405 727 1437 et
761 1412 856 1447 puro
888 1401 1018 1437 rutilet
1051 1401 1174 1437 nitore

662 1458 850 1504 Tempore
882 1458 1015 1495 noctis,

526 1559 583 1597 Sit
614 1560 747 1606 procul
779 1560 902 1603 luxus,
937 1559 1069 1606 procul
1101 1559 1222 1596 omnis
1253 1559 1390 1596 horror

523 1618 650 1663 Atque
681 1617 907 1663 phantasma
938 1617 1160 1663 speciesque
1192 1616 1362 1667 pulchra,

525 1674 635 1710 Mens
665 1674 730 1709 sed
764 1674 944 1709 insomnis
978 1674 1102 1710 valeat
1133 1684 1318 1719 supernos

665 1730 830 1767 Cernere
863 1730 974 1766 cives.

528 1832 582 1868 Te
614 1833 735 1869 Deum
769 1842 920 1879 semper
952 1832 1114 1877 vigilans
1147 1832 1328 1879 requirat,

527 1889 673 1936 Cogitet
706 1889 851 1924 cunctis
884 1889 1051 1925 resoluta
1083 1889 1182 1925 curis

526 1946 688 1983 Actibus
721 1946 865 1981 cum-tis
896 1950 1009 1992 queat
1039 1949 1080 1982 ut.
1110 1946 1275 1993 placere,

662 2003 755 2044 Rex,
787 2002 857 2038 tibi
889 2012 1044 2040 summe.

525 2105 676 2142 Muniat
707 2104 868 2141 frontem
902 2106 985 2142 loca
1015 2105 1094 2141 sive
1126 2104 1254 2146 cordis

526 2161 658 2198 Sermo
691 2163 842 2199 divinus
875 2163 997 2198 crucis
1030 2166 1065 2197 et
1099 2165 1309 2210 tropaeum,

526 2218 760 2255 Daemonum
793 2218 921 2255 vafros
952 2219 1079 2265 abigat
1111 2219 1336 2255 maeandros

664 2275 752 2313 Sive
784 2277 952 2322 rapinas.

528 2371 715 2420 Membra,
748 2382 843 2418 quae
875 2376 980 2409 casto
1014 2372 1187 2409 dabimus
1219 2371 1347 2417 cubili,

526 2429 708 2474 Prompta
740 2433 969 2475 consurgant
1000 2440 1094 2475 opus
1126 2429 1173 2465 ad
1208 2428 1394 2477 diurnum⁷

526 2485 628 2531 Quae
660 2496 765 2521 suum
798 2486 979 2522 mundum
1012 2485 1104 2523 velit
1135 2496 1217 2521 esse
1246 2485 1429 2532 templum

665 2542 829 2587 Spiritus
861 2543 995 2580 almus.

525 2637 632 2682 Quod
665 2638 749 2683 pius
782 2641 901 2674 totum
934 2638 1080 2674 habitet
1111 2648 1180 2684 per
1211 2647 1356 2686 aevum,

526 2693 638 2730 Hunc
670 2705 738 2730 nec
769 2694 937 2731 offendat
968 2695 1100 2731 vitium
1131 2695 1300 2739 luesque,

527 2749 603 2787 Sed
636 2754 744 2787 vocet
776 2751 875 2787 vitae
905 2751 1089 2801 probitas,
1123 2750 1262 2797 fiatque

662 2807 812 2844 Mansio
843 2812 963 2854 grata.
