<?xml version="1.0" encoding="UTF-8"?>
<!DOCTYPE html PUBLIC "-//W3C//DTD XHTML 1.0 Transitional//EN"
    "http://www.w3.org/TR/xhtml1/DTD/xhtml1-transitional.dtd">
<html xmlns="http://www.w3.org/1999/xhtml" xml:lang="en" lang="en">
 <head>
  <title>
</title>
<meta http-equiv="Content-Type" content="text/html;charset=utf-8" />
  <meta name='ocr-system' content='tesseract 3.04.00' />
  <meta name='ocr-capabilities' content='ocr_page ocr_carea ocr_par ocr_line ocrx_word'/>
</head>
<body>
  <div class='ocr_page' id='page_1' title='image "./analectahymnicam50drevuoft/analectahymnicam50drevuoft_0330.png"; bbox 0 0 1785 3111; ppageno 0'>
   <div class='ocr_carea' id='block_1_1' title="bbox 791 61 1102 101">
    <p class='ocr_par' dir='ltr' id='par_1_1' title="bbox 791 61 1102 101">
     <span class='ocr_line' id='line_1_1' title="bbox 791 61 1102 101; baseline 0 0"><span class='ocrx_word' id='word_1_1' title='bbox 791 61 1102 101; x_wconf 84' lang='lat'>—310—</span> 
     </span>
    </p>
   </div>
   <div class='ocr_carea' id='block_1_2' title="bbox 154 177 513 216">
    <p class='ocr_par' dir='ltr' id='par_1_2' title="bbox 154 177 513 216">
     <span class='ocr_line' id='line_1_2' title="bbox 154 177 513 216; baseline -0.014 0"><span class='ocrx_word' id='word_1_2' title='bbox 154 179 177 216; x_wconf 90' lang='lat'>2</span> <span class='ocrx_word' id='word_1_3' title='bbox 191 189 224 216; x_wconf 86' lang='lat' dir='ltr'>a.</span> <span class='ocrx_word' id='word_1_4' title='bbox 263 177 513 215; x_wconf 85' lang='lat' dir='ltr'>Sacrosancta</span> 
     </span>
    </p>
   </div>
   <div class='ocr_carea' id='block_1_3' title="bbox 156 531 226 567">
    <p class='ocr_par' dir='ltr' id='par_1_3' title="bbox 156 531 226 567">
     <span class='ocr_line' id='line_1_3' title="bbox 156 531 226 567; baseline 0 -1"><span class='ocrx_word' id='word_1_5' title='bbox 156 531 226 567; x_wconf 71' lang='lat'>32.</span> 
     </span>
    </p>
   </div>
   <div class='ocr_carea' id='block_1_4' title="bbox 149 935 221 976">
    <p class='ocr_par' dir='ltr' id='par_1_4' title="bbox 149 935 221 976">
     <span class='ocr_line' id='line_1_4' title="bbox 149 935 221 976; baseline 0 -1"><span class='ocrx_word' id='word_1_6' title='bbox 149 935 221 976; x_wconf 79' lang='lat' dir='ltr'>4a.</span> 
     </span>
    </p>
   </div>
   <div class='ocr_carea' id='block_1_5' title="bbox 163 1644 231 1681">
    <p class='ocr_par' dir='ltr' id='par_1_5' title="bbox 163 1644 231 1681">
     <span class='ocr_line' id='line_1_5' title="bbox 163 1644 231 1681; baseline -0.029 0"><span class='ocrx_word' id='word_1_7' title='bbox 163 1644 231 1681; x_wconf 76' lang='lat' dir='ltr'>Ga.</span> 
     </span>
    </p>
   </div>
   <div class='ocr_carea' id='block_1_6' title="bbox 153 2223 224 2260">
    <p class='ocr_par' dir='ltr' id='par_1_6' title="bbox 153 2223 224 2260">
     <span class='ocr_line' id='line_1_6' title="bbox 153 2223 224 2260; baseline 0 -1"><span class='ocrx_word' id='word_1_8' title='bbox 153 2223 224 2260; x_wconf 72' lang='lat'>72.</span> 
     </span>
    </p>
   </div>
   <div class='ocr_carea' id='block_1_7' title="bbox 262 232 620 280">
    <p class='ocr_par' dir='ltr' id='par_1_7' title="bbox 262 232 620 280">
     <span class='ocr_line' id='line_1_7' title="bbox 262 232 620 280; baseline -0.003 -10"><span class='ocrx_word' id='word_1_9' title='bbox 262 239 304 270; x_wconf 88' lang='lat' dir='ltr'>tu</span> <span class='ocrx_word' id='word_1_10' title='bbox 334 232 454 280; x_wconf 86' lang='lat' dir='ltr'>patris</span> <span class='ocrx_word' id='word_1_11' title='bbox 486 232 620 279; x_wconf 85' lang='lat' dir='ltr'>hostia,</span> 
     </span>
    </p>
   </div>
   <div class='ocr_carea' id='block_1_8' title="bbox 264 288 868 383">
    <p class='ocr_par' dir='ltr' id='par_1_8' title="bbox 264 288 868 383">
     <span class='ocr_line' id='line_1_8' title="bbox 266 288 868 338; baseline 0 -12"><span class='ocrx_word' id='word_1_12' title='bbox 266 291 351 326; x_wconf 89' lang='lat' dir='ltr'>Iesu</span> <span class='ocrx_word' id='word_1_13' title='bbox 368 289 529 338; x_wconf 84' lang='lat' dir='ltr'><strong>Christe,</strong></span> <span class='ocrx_word' id='word_1_14' title='bbox 549 299 615 325; x_wconf 88' lang='lat' dir='ltr'>rex</span> <span class='ocrx_word' id='word_1_15' title='bbox 632 288 868 336; x_wconf 78' lang='lat' dir='ltr'>monarchoS‚</span> 
     </span>
     <span class='ocr_line' id='line_1_9' title="bbox 264 345 686 383; baseline -0.002 0"><span class='ocrx_word' id='word_1_16' title='bbox 264 345 427 383; x_wconf 89' lang='lat' dir='ltr'>omnium</span> <span class='ocrx_word' id='word_1_17' title='bbox 459 346 618 382; x_wconf 85' lang='lat' dir='ltr'>antistes</span> <span class='ocrx_word' id='word_1_18' title='bbox 649 349 686 381; x_wconf 87' lang='lat' dir='ltr'>et</span> 
     </span>
    </p>
   </div>
   <div class='ocr_carea' id='block_1_9' title="bbox 263 394 551 453">
    <p class='ocr_par' dir='ltr' id='par_1_9' title="bbox 263 394 551 453">
     <span class='ocr_line' id='line_1_10' title="bbox 263 394 551 453; baseline -0.003 -12"><span class='ocrx_word' id='word_1_19' title='bbox 263 394 413 453; x_wconf 67' lang='grc' dir='ltr'><em>εὖλογο</em></span> <span class='ocrx_word' id='word_1_20' title='bbox 420 396 551 451; x_wconf 74' lang='grc' dir='ltr'><em>ὕμενε,</em></span> 
     </span>
    </p>
   </div>
   <div class='ocr_carea' id='block_1_10' title="bbox 264 527 786 859">
    <p class='ocr_par' dir='ltr' id='par_1_10' title="bbox 269 527 656 573">
     <span class='ocr_line' id='line_1_11' title="bbox 269 527 656 573; baseline -0.008 -8"><span class='ocrx_word' id='word_1_21' title='bbox 269 527 474 565; x_wconf 86' lang='lat' dir='ltr'>Suavitatis</span> <span class='ocrx_word' id='word_1_22' title='bbox 506 527 656 573; x_wconf 79' lang='lat' dir='ltr'>spirans</span> 
     </span>
    </p>

    <p class='ocr_par' dir='ltr' id='par_1_11' title="bbox 265 583 786 745">
     <span class='ocr_line' id='line_1_12' title="bbox 267 583 786 631; baseline -0.002 -10"><span class='ocrx_word' id='word_1_23' title='bbox 267 584 348 621; x_wconf 91' lang='lat' dir='ltr'>Deo</span> <span class='ocrx_word' id='word_1_24' title='bbox 379 583 586 621; x_wconf 84' lang='lat' dir='ltr'>torridulus</span> <span class='ocrx_word' id='word_1_25' title='bbox 618 583 786 631; x_wconf 83' lang='lat' dir='ltr'>odorem⁷</span> 
     </span>
     <span class='ocr_line' id='line_1_13' title="bbox 265 640 643 689; baseline -0.003 -12"><span class='ocrx_word' id='word_1_26' title='bbox 265 652 360 688; x_wconf 82' lang='lat' dir='ltr'>cum,</span> <span class='ocrx_word' id='word_1_27' title='bbox 393 640 643 689; x_wconf 82' lang='lat' dir='ltr'>eumandrita,</span> 
     </span>
     <span class='ocr_line' id='line_1_14' title="bbox 266 696 654 745; baseline -0.003 -11"><span class='ocrx_word' id='word_1_28' title='bbox 266 696 519 745; x_wconf 88' lang='lat' dir='ltr'>profunderes</span> <span class='ocrx_word' id='word_1_29' title='bbox 550 701 654 733; x_wconf 86' lang='lat' dir='ltr'>tuum</span> 
     </span>
    </p>

    <p class='ocr_par' dir='ltr' id='par_1_12' title="bbox 264 765 523 802">
     <span class='ocr_line' id='line_1_15' title="bbox 264 765 523 802; baseline -0.004 -11"><span class='ocrx_word' id='word_1_30' title='bbox 264 766 334 802; x_wconf 91' lang='lat' dir='ltr'>pro</span> <span class='ocrx_word' id='word_1_31' title='bbox 366 765 523 791; x_wconf 88' lang='lat' dir='ltr'>erroneo</span> 
     </span>
    </p>

    <p class='ocr_par' dir='ltr' id='par_1_13' title="bbox 266 821 596 859">
     <span class='ocr_line' id='line_1_16' title="bbox 266 821 596 859; baseline 0.006 -11"><span class='ocrx_word' id='word_1_32' title='bbox 266 822 380 859; x_wconf 81' lang='lat' dir='ltr'>grege</span> <span class='ocrx_word' id='word_1_33' title='bbox 412 821 596 850; x_wconf 89' lang='lat' dir='ltr'>cruorem.</span> 
     </span>
    </p>
   </div>
   <div class='ocr_carea' id='block_1_11' title="bbox 263 936 749 1267">
    <p class='ocr_par' dir='ltr' id='par_1_14' title="bbox 263 936 698 1039">
     <span class='ocr_line' id='line_1_17' title="bbox 263 936 698 983; baseline -0.002 -10"><span class='ocrx_word' id='word_1_34' title='bbox 263 937 375 983; x_wconf 81' lang='lat' dir='ltr'>Legis</span> <span class='ocrx_word' id='word_1_35' title='bbox 407 936 470 982; x_wconf 89' lang='lat' dir='ltr'>qui</span> <span class='ocrx_word' id='word_1_36' title='bbox 501 938 698 983; x_wconf 83' lang='lat' dir='ltr'>peccatum</span> 
     </span>
     <span class='ocr_line' id='line_1_18' title="bbox 267 994 463 1039; baseline 0 -10"><span class='ocrx_word' id='word_1_37' title='bbox 267 994 463 1039; x_wconf 80' lang='lat' dir='ltr'>crucisque</span> 
     </span>
    </p>

    <p class='ocr_par' dir='ltr' id='par_1_15' title="bbox 265 1049 749 1267">
     <span class='ocr_line' id='line_1_19' title="bbox 268 1049 749 1099; baseline 0.002 -13"><span class='ocrx_word' id='word_1_38' title='bbox 268 1049 390 1087; x_wconf 85' lang='lat' dir='ltr'>factus</span> <span class='ocrx_word' id='word_1_39' title='bbox 423 1060 461 1085; x_wconf 87' lang='lat' dir='ltr'>es</span> <span class='ocrx_word' id='word_1_40' title='bbox 492 1049 749 1099; x_wconf 88' lang='lat' dir='ltr'>maledictum,</span> 
     </span>
     <span class='ocr_line' id='line_1_20' title="bbox 266 1106 706 1143; baseline 0 0"><span class='ocrx_word' id='word_1_41' title='bbox 266 1106 437 1143; x_wconf 88' lang='lat' dir='ltr'>libidinis</span> <span class='ocrx_word' id='word_1_42' title='bbox 468 1106 706 1143; x_wconf 75' lang='lat' dir='ltr'>victimarum</span> 
     </span>
     <span class='ocr_line' id='line_1_21' title="bbox 265 1163 626 1200; baseline -0.006 0"><span class='ocrx_word' id='word_1_43' title='bbox 265 1163 425 1200; x_wconf 79' lang='lat' dir='ltr'>bestiale</span> <span class='ocrx_word' id='word_1_44' title='bbox 455 1168 626 1199; x_wconf 90' lang='lat' dir='ltr'>nostrum</span> 
     </span>
     <span class='ocr_line' id='line_1_22' title="bbox 266 1221 436 1267; baseline 0 -11"><span class='ocrx_word' id='word_1_45' title='bbox 266 1221 436 1267; x_wconf 79' lang='lat' dir='ltr'>caelitus,</span> 
     </span>
    </p>
   </div>
   <div class='ocr_carea' id='block_1_12' title="bbox 268 1276 894 1324">
    <p class='ocr_par' dir='ltr' id='par_1_16' title="bbox 268 1276 894 1324">
     <span class='ocr_line' id='line_1_23' title="bbox 268 1276 894 1324; baseline 0.003 -10"><span class='ocrx_word' id='word_1_46' title='bbox 268 1289 288 1314; x_wconf 92' lang='lat' dir='ltr'>o</span> <span class='ocrx_word' id='word_1_47' title='bbox 305 1277 544 1324; x_wconf 79' lang='lat' dir='ltr'>Emmanuel,</span> <span class='ocrx_word' id='word_1_48' title='bbox 567 1277 678 1313; x_wconf 80' lang='lat' dir='ltr'>ablue</span> <span class='ocrx_word' id='word_1_49' title='bbox 702 1276 894 1316; x_wconf 91' lang='lat' dir='ltr'>delictum.</span> 
     </span>
    </p>
   </div>
   <div class='ocr_carea' id='block_1_13' title="bbox 219 1404 516 1449">
    <p class='ocr_par' dir='ltr' id='par_1_17' title="bbox 219 1404 516 1449">
     <span class='ocr_line' id='line_1_24' title="bbox 219 1404 516 1449; baseline -0.007 -8"><span class='ocrx_word' id='word_1_50' title='bbox 219 1432 228 1441; x_wconf 90' lang='lat'>.</span> <span class='ocrx_word' id='word_1_51' title='bbox 261 1404 317 1440; x_wconf 80' lang='lat' dir='ltr'>Tu</span> <span class='ocrx_word' id='word_1_52' title='bbox 349 1414 516 1449; x_wconf 86' lang='lat' dir='ltr'>maguus,</span> 
     </span>
    </p>
   </div>
   <div class='ocr_carea' id='block_1_14' title="bbox 263 1460 829 1564">
    <p class='ocr_par' dir='ltr' id='par_1_18' title="bbox 263 1460 829 1564">
     <span class='ocr_line' id='line_1_25' title="bbox 265 1460 634 1507; baseline -0.005 -10"><span class='ocrx_word' id='word_1_53' title='bbox 265 1461 412 1507; x_wconf 79' lang='lat' dir='ltr'>respice</span> <span class='ocrx_word' id='word_1_54' title='bbox 442 1460 634 1507; x_wconf 87' lang='lat' dir='ltr'>parvulos,</span> 
     </span>
     <span class='ocr_line' id='line_1_26' title="bbox 263 1516 829 1564; baseline 0 -11"><span class='ocrx_word' id='word_1_55' title='bbox 263 1518 465 1564; x_wconf 82' lang='lat' dir='ltr'>archiater,</span> <span class='ocrx_word' id='word_1_56' title='bbox 496 1528 563 1553; x_wconf 88' lang='lat' dir='ltr'>nos</span> <span class='ocrx_word' id='word_1_57' title='bbox 595 1516 829 1553; x_wconf 85' lang='lat' dir='ltr'>niorbidulos</span> 
     </span>
    </p>
   </div>
   <div class='ocr_carea' id='block_1_15' title="bbox 259 1641 767 2142">
    <p class='ocr_par' dir='ltr' id='par_1_19' title="bbox 259 1641 728 1858">
     <span class='ocr_line' id='line_1_27' title="bbox 264 1641 728 1688; baseline -0.004 -9"><span class='ocrx_word' id='word_1_58' title='bbox 264 1643 322 1679; x_wconf 88' lang='lat' dir='ltr'>Tu</span> <span class='ocrx_word' id='word_1_59' title='bbox 352 1645 453 1678; x_wconf 91' lang='lat' dir='ltr'>totus</span> <span class='ocrx_word' id='word_1_60' title='bbox 485 1641 728 1688; x_wconf 86' lang='lat' dir='ltr'>desiderium,</span> 
     </span>
     <span class='ocr_line' id='line_1_28' title="bbox 261 1698 642 1744; baseline -0.003 -9"><span class='ocrx_word' id='word_1_61' title='bbox 261 1698 350 1735; x_wconf 86' lang='lat' dir='ltr'>boni</span> <span class='ocrx_word' id='word_1_62' title='bbox 381 1698 495 1734; x_wconf 86' lang='lat' dir='ltr'>totius</span> <span class='ocrx_word' id='word_1_63' title='bbox 526 1708 642 1744; x_wconf 87' lang='lat' dir='ltr'>genus</span> 
     </span>
     <span class='ocr_line' id='line_1_29' title="bbox 259 1754 596 1802; baseline -0.003 -11"><span class='ocrx_word' id='word_1_64' title='bbox 259 1754 596 1802; x_wconf 86' lang='lat' dir='ltr'>generalissimum,</span> 
     </span>
     <span class='ocr_line' id='line_1_30' title="bbox 260 1812 541 1858; baseline -0.007 -10"><span class='ocrx_word' id='word_1_65' title='bbox 260 1812 541 1858; x_wconf 87' lang='lat' dir='ltr'>gaudimonium</span> 
     </span>
    </p>

    <p class='ocr_par' dir='ltr' id='par_1_20' title="bbox 259 1868 667 1973">
     <span class='ocr_line' id='line_1_31' title="bbox 259 1868 667 1914; baseline -0.002 -10"><span class='ocrx_word' id='word_1_66' title='bbox 259 1873 299 1905; x_wconf 92' lang='lat' dir='ltr'>tu</span> <span class='ocrx_word' id='word_1_67' title='bbox 330 1879 439 1914; x_wconf 87' lang='lat' dir='ltr'>quam</span> <span class='ocrx_word' id='word_1_68' title='bbox 474 1868 667 1905; x_wconf 85' lang='lat' dir='ltr'>verissime</span> 
     </span>
     <span class='ocr_line' id='line_1_32' title="bbox 259 1924 546 1973; baseline -0.003 -12"><span class='ocrx_word' id='word_1_69' title='bbox 259 1924 546 1973; x_wconf 75' lang='lat' dir='ltr'>hyperbolicum</span> 
     </span>
    </p>

    <p class='ocr_par' dir='ltr' id='par_1_21' title="bbox 259 1980 767 2142">
     <span class='ocr_line' id='line_1_33' title="bbox 259 1980 667 2028; baseline -0.002 -10"><span class='ocrx_word' id='word_1_70' title='bbox 259 1982 413 2028; x_wconf 80' lang='lat' dir='ltr'>solaque</span> <span class='ocrx_word' id='word_1_71' title='bbox 444 1986 483 2017; x_wconf 92' lang='lat' dir='ltr'>tu</span> <span class='ocrx_word' id='word_1_72' title='bbox 515 1980 667 2023; x_wconf 77' lang='lat' dir='ltr'>soteria,</span> 
     </span>
     <span class='ocr_line' id='line_1_34' title="bbox 260 2037 767 2075; baseline 0 -1"><span class='ocrx_word' id='word_1_73' title='bbox 260 2038 423 2075; x_wconf 87' lang='lat' dir='ltr'>clemens</span> <span class='ocrx_word' id='word_1_74' title='bbox 454 2038 509 2074; x_wconf 90' lang='lat' dir='ltr'>tui</span> <span class='ocrx_word' id='word_1_75' title='bbox 537 2049 604 2074; x_wconf 89' lang='lat' dir='ltr'>nos</span> <span class='ocrx_word' id='word_1_76' title='bbox 635 2037 767 2074; x_wconf 88' lang='lat' dir='ltr'>intima</span> 
     </span>
     <span class='ocr_line' id='line_1_35' title="bbox 259 2094 565 2142; baseline -0.003 -10"><span class='ocrx_word' id='word_1_77' title='bbox 259 2106 373 2142; x_wconf 79' lang='lat' dir='ltr'>pasc-e</span> <span class='ocrx_word' id='word_1_78' title='bbox 404 2094 565 2131; x_wconf 87' lang='lat' dir='ltr'>theoria.</span> 
     </span>
    </p>
   </div>
   <div class='ocr_carea' id='block_1_16' title="bbox 256 2219 830 2832">
    <p class='ocr_par' dir='ltr' id='par_1_22' title="bbox 256 2219 772 2381">
     <span class='ocr_line' id='line_1_36' title="bbox 256 2219 772 2266; baseline -0.006 -8"><span class='ocrx_word' id='word_1_79' title='bbox 256 2222 348 2266; x_wconf 83' lang='lat' dir='ltr'>Fac,</span> <span class='ocrx_word' id='word_1_80' title='bbox 381 2231 448 2256; x_wconf 93' lang='lat' dir='ltr'>nos</span> <span class='ocrx_word' id='word_1_81' title='bbox 480 2220 578 2256; x_wconf 79' lang='lat' dir='ltr'>calix</span> <span class='ocrx_word' id='word_1_82' title='bbox 609 2219 772 2256; x_wconf 84' lang='lat' dir='ltr'>inebriet</span> 
     </span>
     <span class='ocr_line' id='line_1_37' title="bbox 259 2277 635 2324; baseline -0.005 -10"><span class='ocrx_word' id='word_1_83' title='bbox 259 2287 440 2324; x_wconf 86' lang='lat' dir='ltr'>perquam</span> <span class='ocrx_word' id='word_1_84' title='bbox 472 2277 635 2322; x_wconf 86' lang='lat' dir='ltr'>optimus</span> 
     </span>
     <span class='ocr_line' id='line_1_38' title="bbox 260 2333 489 2381; baseline -0.004 -11"><span class='ocrx_word' id='word_1_85' title='bbox 260 2333 489 2381; x_wconf 82' lang='lat' dir='ltr'>sobrietatis,</span> 
     </span>
    </p>

    <p class='ocr_par' dir='ltr' id='par_1_23' title="bbox 261 2390 487 2437">
     <span class='ocr_line' id='line_1_39' title="bbox 261 2390 487 2437; baseline -0.004 -11"><span class='ocrx_word' id='word_1_86' title='bbox 261 2390 487 2437; x_wconf 78' lang='lat' dir='ltr'>spiritalium</span> 
     </span>
    </p>

    <p class='ocr_par' dir='ltr' id='par_1_24' title="bbox 263 2446 487 2494">
     <span class='ocr_line' id='line_1_40' title="bbox 263 2446 487 2494; baseline -0.009 -10"><span class='ocrx_word' id='word_1_87' title='bbox 263 2446 487 2494; x_wconf 76' lang='lat' dir='ltr'>dulcedinis,</span> 
     </span>
    </p>

    <p class='ocr_par' dir='ltr' id='par_1_25' title="bbox 261 2503 650 2597">
     <span class='ocr_line' id='line_1_41' title="bbox 261 2503 650 2540; baseline -0.003 0"><span class='ocrx_word' id='word_1_88' title='bbox 261 2508 500 2540; x_wconf 86' lang='lat' dir='ltr'>aeternorum</span> <span class='ocrx_word' id='word_1_89' title='bbox 532 2503 650 2539; x_wconf 85' lang='lat' dir='ltr'>mirae</span> 
     </span>
     <span class='ocr_line' id='line_1_42' title="bbox 261 2560 475 2597; baseline -0.009 0"><span class='ocrx_word' id='word_1_90' title='bbox 261 2560 475 2597; x_wconf 87' lang='lat' dir='ltr'>dilectionis</span> 
     </span>
    </p>

    <p class='ocr_par' dir='ltr' id='par_1_26' title="bbox 259 2615 830 2775">
     <span class='ocr_line' id='line_1_43' title="bbox 259 2615 710 2663; baseline -0.007 -9"><span class='ocrx_word' id='word_1_91' title='bbox 259 2617 489 2663; x_wconf 84' lang='lat' dir='ltr'>sophiaeque</span> <span class='ocrx_word' id='word_1_92' title='bbox 520 2615 710 2660; x_wconf 86' lang='lat' dir='ltr'>salutaris,</span> 
     </span>
     <span class='ocr_line' id='line_1_44' title="bbox 259 2671 830 2719; baseline -0.005 -9"><span class='ocrx_word' id='word_1_93' title='bbox 259 2684 332 2719; x_wconf 91' lang='lat' dir='ltr'>quo</span> <span class='ocrx_word' id='word_1_94' title='bbox 362 2673 450 2709; x_wconf 87' lang='lat' dir='ltr'>vitis</span> <span class='ocrx_word' id='word_1_95' title='bbox 481 2672 623 2709; x_wconf 86' lang='lat' dir='ltr'>Sorech</span> <span class='ocrx_word' id='word_1_96' title='bbox 655 2671 830 2718; x_wconf 83' lang='lat' dir='ltr'>palmites</span> 
     </span>
     <span class='ocr_line' id='line_1_45' title="bbox 259 2729 564 2775; baseline -0.007 -9"><span class='ocrx_word' id='word_1_97' title='bbox 259 2729 405 2766; x_wconf 77' lang='lat' dir='ltr'>fructus</span> <span class='ocrx_word' id='word_1_98' title='bbox 436 2729 564 2775; x_wconf 85' lang='lat' dir='ltr'>plures</span> 
     </span>
    </p>

    <p class='ocr_par' dir='ltr' id='par_1_27' title="bbox 260 2785 797 2832">
     <span class='ocr_line' id='line_1_46' title="bbox 260 2785 797 2832; baseline 0 -9"><span class='ocrx_word' id='word_1_99' title='bbox 260 2787 360 2824; x_wconf 78' lang='lat' dir='ltr'>ferre</span> <span class='ocrx_word' id='word_1_100' title='bbox 391 2796 568 2832; x_wconf 84' lang='lat' dir='ltr'>queamus</span> <span class='ocrx_word' id='word_1_101' title='bbox 599 2785 797 2823; x_wconf 84' lang='lat' dir='ltr'>laetantes.</span> 
     </span>
    </p>
   </div>
   <div class='ocr_carea' id='block_1_17' title="bbox 970 174 1047 213">
    <p class='ocr_par' dir='ltr' id='par_1_28' title="bbox 970 174 1047 213">
     <span class='ocr_line' id='line_1_47' title="bbox 970 174 1047 213; baseline 0 0"><span class='ocrx_word' id='word_1_102' title='bbox 970 174 1047 213; x_wconf 67' lang='lat' dir='ltr'>ab.</span> 
     </span>
    </p>
   </div>
   <div class='ocr_carea' id='block_1_18' title="bbox 1081 176 1566 452">
    <p class='ocr_par' dir='ltr' id='par_1_29' title="bbox 1081 176 1228 214">
     <span class='ocr_line' id='line_1_48' title="bbox 1081 176 1228 214; baseline -0.02 0"><span class='ocrx_word' id='word_1_103' title='bbox 1081 176 1228 214; x_wconf 87' lang='lat' dir='ltr'>Pietate</span> 
     </span>
    </p>

    <p class='ocr_par' dir='ltr' id='par_1_30' title="bbox 1081 233 1409 280">
     <span class='ocr_line' id='line_1_49' title="bbox 1081 233 1409 280; baseline -0.003 -11"><span class='ocrx_word' id='word_1_104' title='bbox 1081 237 1135 278; x_wconf 75' lang='lat' dir='ltr'>tu,</span> <span class='ocrx_word' id='word_1_105' title='bbox 1168 233 1409 280; x_wconf 83' lang='lat' dir='ltr'>propitiator,</span> 
     </span>
    </p>

    <p class='ocr_par' dir='ltr' id='par_1_31' title="bbox 1081 289 1566 452">
     <span class='ocr_line' id='line_1_50' title="bbox 1082 289 1566 341; baseline -0.002 -15"><span class='ocrx_word' id='word_1_106' title='bbox 1082 289 1145 336; x_wconf 91' lang='lat' dir='ltr'>qui</span> <span class='ocrx_word' id='word_1_107' title='bbox 1176 289 1342 335; x_wconf 86' lang='lat' dir='ltr'>gratuita</span> <span class='ocrx_word' id='word_1_108' title='bbox 1372 289 1497 341; x_wconf 86' lang='lat' dir='ltr'>ipsum</span> <span class='ocrx_word' id='word_1_109' title='bbox 1529 294 1566 325; x_wconf 85' lang='lat' dir='ltr'>te</span> 
     </span>
     <span class='ocr_line' id='line_1_51' title="bbox 1081 345 1563 392; baseline 0 -10"><span class='ocrx_word' id='word_1_110' title='bbox 1081 351 1241 392; x_wconf 90' lang='lat' dir='ltr'>propter</span> <span class='ocrx_word' id='word_1_111' title='bbox 1272 357 1340 382; x_wconf 93' lang='lat' dir='ltr'>nos</span> <span class='ocrx_word' id='word_1_112' title='bbox 1371 345 1563 383; x_wconf 83' lang='lat' dir='ltr'>obtuleras</span> 
     </span>
     <span class='ocr_line' id='line_1_52' title="bbox 1082 400 1446 452; baseline -0.003 -12"><span class='ocrx_word' id='word_1_113' title='bbox 1082 400 1267 452; x_wconf 74' lang='grc' dir='ltr'><em>σταυροῦ</em></span> <span class='ocrx_word' id='word_1_114' title='bbox 1299 403 1336 439; x_wconf 91' lang='lat' dir='ltr'>in</span> <span class='ocrx_word' id='word_1_115' title='bbox 1368 414 1446 452; x_wconf 86' lang='lat' dir='ltr'>ara,</span> 
     </span>
    </p>
   </div>
   <div class='ocr_carea' id='block_1_19' title="bbox 971 526 1478 574">
    <p class='ocr_par' dir='ltr' id='par_1_32' title="bbox 971 526 1478 574">
     <span class='ocr_line' id='line_1_53' title="bbox 971 526 1478 574; baseline -0.006 -8"><span class='ocrx_word' id='word_1_116' title='bbox 971 526 1044 566; x_wconf 86' lang='lat' dir='ltr'>3b.</span> <span class='ocrx_word' id='word_1_117' title='bbox 1077 527 1153 563; x_wconf 77' lang='lat' dir='ltr'>Vas</span> <span class='ocrx_word' id='word_1_118' title='bbox 1184 531 1360 564; x_wconf 81' lang='lat' dir='ltr'>excoctus</span> <span class='ocrx_word' id='word_1_119' title='bbox 1391 527 1478 574; x_wconf 86' lang='lat' dir='ltr'>igne</span> 
     </span>
    </p>
   </div>
   <div class='ocr_carea' id='block_1_20' title="bbox 978 935 1051 974">
    <p class='ocr_par' dir='ltr' id='par_1_33' title="bbox 978 935 1051 974">
     <span class='ocr_line' id='line_1_54' title="bbox 978 935 1051 974; baseline -0.014 0"><span class='ocrx_word' id='word_1_120' title='bbox 978 935 1051 974; x_wconf 78' lang='lat' dir='ltr'>4b.</span> 
     </span>
    </p>
   </div>
   <div class='ocr_carea' id='block_1_21' title="bbox 974 1401 1046 1441">
    <p class='ocr_par' dir='ltr' id='par_1_34' title="bbox 974 1401 1046 1441">
     <span class='ocr_line' id='line_1_55' title="bbox 974 1401 1046 1441; baseline 0.014 -2"><span class='ocrx_word' id='word_1_121' title='bbox 974 1401 1046 1441; x_wconf 84' lang='lat' dir='ltr'>5b.</span> 
     </span>
    </p>
   </div>
   <div class='ocr_carea' id='block_1_22' title="bbox 964 1639 1037 1678">
    <p class='ocr_par' dir='ltr' id='par_1_35' title="bbox 964 1639 1037 1678">
     <span class='ocr_line' id='line_1_56' title="bbox 964 1639 1037 1678; baseline -0.014 0"><span class='ocrx_word' id='word_1_122' title='bbox 964 1639 1037 1678; x_wconf 88' lang='lat' dir='ltr'>6b.</span> 
     </span>
    </p>
   </div>
   <div class='ocr_carea' id='block_1_23' title="bbox 975 2219 1046 2257">
    <p class='ocr_par' dir='ltr' id='par_1_36' title="bbox 975 2219 1046 2257">
     <span class='ocr_line' id='line_1_57' title="bbox 975 2219 1046 2257; baseline 0 0"><span class='ocrx_word' id='word_1_123' title='bbox 975 2219 1046 2257; x_wconf 87' lang='lat' dir='ltr'>7b.</span> 
     </span>
    </p>
   </div>
   <div class='ocr_carea' id='block_1_24' title="bbox 1081 584 1588 848">
    <p class='ocr_par' dir='ltr' id='par_1_37' title="bbox 1081 584 1588 800">
     <span class='ocr_line' id='line_1_58' title="bbox 1081 584 1588 635; baseline -0.002 -14"><span class='ocrx_word' id='word_1_124' title='bbox 1081 584 1267 632; x_wconf 88' lang='lat' dir='ltr'>passionis</span> <span class='ocrx_word' id='word_1_125' title='bbox 1298 588 1339 620; x_wconf 84' lang='lat' dir='ltr'>ut</span> <span class='ocrx_word' id='word_1_126' title='bbox 1369 587 1588 635; x_wconf 79' lang='lat' dir='ltr'>testaceum,</span> 
     </span>
     <span class='ocr_line' id='line_1_59' title="bbox 1082 641 1483 688; baseline 0.002 -11"><span class='ocrx_word' id='word_1_127' title='bbox 1082 651 1224 677; x_wconf 88' lang='lat' dir='ltr'>summe</span> <span class='ocrx_word' id='word_1_128' title='bbox 1254 641 1410 688; x_wconf 83' lang='lat' dir='ltr'>plastes,</span> <span class='ocrx_word' id='word_1_129' title='bbox 1443 646 1483 678; x_wconf 93' lang='lat' dir='ltr'>tu</span> 
     </span>
     <span class='ocr_line' id='line_1_60' title="bbox 1082 696 1444 745; baseline -0.003 -11"><span class='ocrx_word' id='word_1_130' title='bbox 1082 696 1274 744; x_wconf 88' lang='lat' dir='ltr'>fragilium</span> <span class='ocrx_word' id='word_1_131' title='bbox 1305 698 1444 745; x_wconf 83' lang='lat' dir='ltr'>physin</span> 
     </span>
     <span class='ocr_line' id='line_1_61' title="bbox 1083 754 1391 800; baseline 0 -10"><span class='ocrx_word' id='word_1_132' title='bbox 1083 760 1275 791; x_wconf 86' lang='lat' dir='ltr'>restauras</span> <span class='ocrx_word' id='word_1_133' title='bbox 1307 754 1391 800; x_wconf 90' lang='lat' dir='ltr'>pius</span> 
     </span>
    </p>

    <p class='ocr_par' dir='ltr' id='par_1_38' title="bbox 1084 811 1375 848">
     <span class='ocr_line' id='line_1_62' title="bbox 1084 811 1375 848; baseline 0 -1"><span class='ocrx_word' id='word_1_134' title='bbox 1084 811 1164 848; x_wconf 85' lang='lat' dir='ltr'>irae</span> <span class='ocrx_word' id='word_1_135' title='bbox 1189 822 1375 848; x_wconf 83' lang='lat' dir='ltr'>vasorum.</span> 
     </span>
    </p>
   </div>
   <div class='ocr_carea' id='block_1_25' title="bbox 1079 936 1610 1323">
    <p class='ocr_par' dir='ltr' id='par_1_39' title="bbox 1082 936 1376 983">
     <span class='ocr_line' id='line_1_63' title="bbox 1082 936 1376 983; baseline -0.007 -9"><span class='ocrx_word' id='word_1_136' title='bbox 1082 936 1376 983; x_wconf 82' lang='lat' dir='ltr'>Reconciliator,</span> 
     </span>
    </p>

    <p class='ocr_par' dir='ltr' id='par_1_40' title="bbox 1079 993 1226 1040">
     <span class='ocr_line' id='line_1_64' title="bbox 1079 993 1226 1040; baseline -0.007 -10"><span class='ocrx_word' id='word_1_137' title='bbox 1079 993 1226 1040; x_wconf 70' lang='lat' dir='ltr'>asylum</span> 
     </span>
    </p>

    <p class='ocr_par' dir='ltr' id='par_1_41' title="bbox 1081 1049 1549 1153">
     <span class='ocr_line' id='line_1_65' title="bbox 1082 1049 1549 1098; baseline 0 -12"><span class='ocrx_word' id='word_1_138' title='bbox 1082 1060 1243 1096; x_wconf 88' lang='lat' dir='ltr'>spesque</span> <span class='ocrx_word' id='word_1_139' title='bbox 1275 1049 1356 1086; x_wconf 89' lang='lat' dir='ltr'>sola</span> <span class='ocrx_word' id='word_1_140' title='bbox 1386 1060 1549 1098; x_wconf 87' lang='lat' dir='ltr'>reorum,</span> 
     </span>
     <span class='ocr_line' id='line_1_66' title="bbox 1081 1106 1519 1153; baseline 0.002 -11"><span class='ocrx_word' id='word_1_141' title='bbox 1081 1106 1272 1153; x_wconf 86' lang='lat' dir='ltr'>inspirans</span> <span class='ocrx_word' id='word_1_142' title='bbox 1306 1106 1519 1143; x_wconf 86' lang='lat' dir='ltr'>dedititiam</span> 
     </span>
    </p>

    <p class='ocr_par' dir='ltr' id='par_1_42' title="bbox 1081 1161 1436 1213">
     <span class='ocr_line' id='line_1_67' title="bbox 1081 1161 1436 1213; baseline 0 -14"><span class='ocrx_word' id='word_1_143' title='bbox 1081 1167 1121 1199; x_wconf 89' lang='lat' dir='ltr'>tu</span> <span class='ocrx_word' id='word_1_144' title='bbox 1153 1161 1436 1213; x_wconf 76' lang='lat' dir='ltr'>confessionem,</span> 
     </span>
    </p>

    <p class='ocr_par' dir='ltr' id='par_1_43' title="bbox 1080 1218 1290 1265">
     <span class='ocr_line' id='line_1_68' title="bbox 1080 1218 1290 1265; baseline 0 -9"><span class='ocrx_word' id='word_1_145' title='bbox 1080 1218 1140 1256; x_wconf 83' lang='lat' dir='ltr'>fer</span> <span class='ocrx_word' id='word_1_146' title='bbox 1169 1219 1290 1265; x_wconf 90' lang='lat' dir='ltr'>nobis,</span> 
     </span>
    </p>

    <p class='ocr_par' dir='ltr' id='par_1_44' title="bbox 1081 1276 1610 1323">
     <span class='ocr_line' id='line_1_69' title="bbox 1081 1276 1610 1323; baseline 0.002 -11"><span class='ocrx_word' id='word_1_147' title='bbox 1081 1276 1255 1323; x_wconf 89' lang='lat' dir='ltr'>parclite,</span> <span class='ocrx_word' id='word_1_148' title='bbox 1288 1276 1610 1323; x_wconf 79' lang='lat' dir='ltr'>propitiationem,</span> 
     </span>
    </p>
   </div>
   <div class='ocr_carea' id='block_1_26' title="bbox 1076 1401 1647 1562">
    <p class='ocr_par' dir='ltr' id='par_1_45' title="bbox 1076 1401 1647 1562">
     <span class='ocr_line' id='line_1_70' title="bbox 1078 1401 1291 1438; baseline 0.005 -1"><span class='ocrx_word' id='word_1_149' title='bbox 1078 1401 1128 1438; x_wconf 90' lang='lat' dir='ltr'>Et</span> <span class='ocrx_word' id='word_1_150' title='bbox 1160 1406 1291 1438; x_wconf 82' lang='lat' dir='ltr'>eontra</span> 
     </span>
     <span class='ocr_line' id='line_1_71' title="bbox 1076 1458 1427 1505; baseline 0 -11"><span class='ocrx_word' id='word_1_151' title='bbox 1076 1459 1208 1494; x_wconf 90' lang='lat' dir='ltr'>mortis</span> <span class='ocrx_word' id='word_1_152' title='bbox 1238 1458 1427 1505; x_wconf 89' lang='lat' dir='ltr'>poterium</span> 
     </span>
     <span class='ocr_line' id='line_1_72' title="bbox 1077 1515 1647 1562; baseline 0.002 -10"><span class='ocrx_word' id='word_1_153' title='bbox 1077 1515 1177 1553; x_wconf 87' lang='lat' dir='ltr'>vitae</span> <span class='ocrx_word' id='word_1_154' title='bbox 1208 1516 1389 1562; x_wconf 83' lang='lat' dir='ltr'>propines</span> <span class='ocrx_word' id='word_1_155' title='bbox 1420 1515 1647 1554; x_wconf 53' lang='lat' dir='ltr'>antidotum,</span> 
     </span>
    </p>
   </div>
   <div class='ocr_carea' id='block_1_27' title="bbox 1075 1632 1645 2148">
    <p class='ocr_par' dir='ltr' id='par_1_46' title="bbox 1075 1632 1593 1749">
     <span class='ocr_line' id='line_1_73' title="bbox 1075 1632 1593 1691; baseline -0.004 -13"><span class='ocrx_word' id='word_1_156' title='bbox 1075 1632 1185 1685; x_wconf 74' lang='grc' dir='ltr'>Θεὸς</span> <span class='ocrx_word' id='word_1_157' title='bbox 1216 1634 1360 1678; x_wconf 74' lang='grc' dir='ltr'><em>πάντα</em></span> <span class='ocrx_word' id='word_1_158' title='bbox 1391 1633 1593 1691; x_wconf 31' lang='grc' dir='ltr'>ἕλεήλιιων,</span> 
     </span>
     <span class='ocr_line' id='line_1_74' title="bbox 1076 1688 1466 1749; baseline -0.005 -14"><span class='ocrx_word' id='word_1_159' title='bbox 1076 1688 1234 1749; x_wconf 64' lang='grc' dir='ltr'><em>ἄφεσις</em></span> <span class='ocrx_word' id='word_1_160' title='bbox 1264 1697 1466 1743; x_wconf 85' lang='lat' dir='ltr'>benignula</span> 
     </span>
    </p>

    <p class='ocr_par' dir='ltr' id='par_1_47' title="bbox 1076 1746 1493 1847">
     <span class='ocr_line' id='line_1_75' title="bbox 1076 1746 1493 1803; baseline 0 -14"><span class='ocrx_word' id='word_1_161' title='bbox 1076 1759 1116 1790; x_wconf 89' lang='lat' dir='ltr'>tu</span> <span class='ocrx_word' id='word_1_162' title='bbox 1146 1752 1228 1791; x_wconf 78' lang='grc' dir='ltr'>τῶν</span> <span class='ocrx_word' id='word_1_163' title='bbox 1259 1746 1493 1803; x_wconf 74' lang='grc' dir='ltr'><em>ἁμαρτιῶν,</em></span> 
     </span>
     <span class='ocr_line' id='line_1_76' title="bbox 1077 1811 1364 1847; baseline 0 -1"><span class='ocrx_word' id='word_1_164' title='bbox 1077 1811 1364 1847; x_wconf 89' lang='lat' dir='ltr'>sanctimonium</span> 
     </span>
    </p>

    <p class='ocr_par' dir='ltr' id='par_1_48' title="bbox 1079 1867 1461 1914">
     <span class='ocr_line' id='line_1_77' title="bbox 1079 1867 1461 1914; baseline 0.003 -11"><span class='ocrx_word' id='word_1_165' title='bbox 1079 1868 1202 1914; x_wconf 87' lang='lat' dir='ltr'>dulce,</span> <span class='ocrx_word' id='word_1_166' title='bbox 1233 1867 1461 1904; x_wconf 86' lang='lat' dir='ltr'>iucundulae</span> 
     </span>
    </p>

    <p class='ocr_par' dir='ltr' id='par_1_49' title="bbox 1077 1924 1322 1972">
     <span class='ocr_line' id='line_1_78' title="bbox 1077 1924 1322 1972; baseline 0.008 -13"><span class='ocrx_word' id='word_1_167' title='bbox 1077 1928 1118 1960; x_wconf 84' lang='lat' dir='ltr'>tu</span> <span class='ocrx_word' id='word_1_168' title='bbox 1150 1924 1322 1972; x_wconf 85' lang='lat' dir='ltr'>deliciae,</span> 
     </span>
    </p>

    <p class='ocr_par' dir='ltr' id='par_1_50' title="bbox 1075 1980 1645 2148">
     <span class='ocr_line' id='line_1_79' title="bbox 1075 1980 1553 2028; baseline -0.004 -11"><span class='ocrx_word' id='word_1_169' title='bbox 1075 1986 1207 2028; x_wconf 88' lang='lat' dir='ltr'>portus</span> <span class='ocrx_word' id='word_1_170' title='bbox 1239 1981 1376 2027; x_wconf 91' lang='lat' dir='ltr'>quietis</span> <span class='ocrx_word' id='word_1_171' title='bbox 1407 1980 1553 2028; x_wconf 83' lang='lat' dir='ltr'>unicae,</span> 
     </span>
     <span class='ocr_line' id='line_1_80' title="bbox 1076 2029 1645 2087; baseline -0.005 -13"><span class='ocrx_word' id='word_1_172' title='bbox 1076 2029 1204 2087; x_wconf 70' lang='grc' dir='ltr'><em>ἀρχὸς</em></span> <span class='ocrx_word' id='word_1_173' title='bbox 1235 2043 1385 2085; x_wconf 85' lang='lat' dir='ltr'>patrum</span> <span class='ocrx_word' id='word_1_174' title='bbox 1417 2040 1454 2073; x_wconf 86' lang='lat' dir='ltr'>et</span> <span class='ocrx_word' id='word_1_175' title='bbox 1484 2037 1645 2082; x_wconf 87' lang='lat' dir='ltr'>optimas</span> 
     </span>
     <span class='ocr_line' id='line_1_81' title="bbox 1075 2087 1410 2148; baseline 0.003 -17"><span class='ocrx_word' id='word_1_176' title='bbox 1075 2088 1252 2146; x_wconf 75' lang='grc' dir='ltr'><em>ἐλέησον</em></span> <span class='ocrx_word' id='word_1_177' title='bbox 1285 2087 1410 2148; x_wconf 69' lang='grc' dir='ltr'><strong><em>ἡμᾶς.</em></strong></span> 
     </span>
    </p>
   </div>
   <div class='ocr_carea' id='block_1_28' title="bbox 1072 2217 1661 2831">
    <p class='ocr_par' dir='ltr' id='par_1_51' title="bbox 1078 2217 1626 2312">
     <span class='ocr_line' id='line_1_82' title="bbox 1078 2217 1626 2267; baseline -0.004 -11"><span class='ocrx_word' id='word_1_178' title='bbox 1078 2219 1129 2256; x_wconf 89' lang='lat' dir='ltr'>Et</span> <span class='ocrx_word' id='word_1_179' title='bbox 1160 2223 1213 2267; x_wconf 90' lang='lat' dir='ltr'>tu,</span> <span class='ocrx_word' id='word_1_180' title='bbox 1246 2219 1347 2255; x_wconf 92' lang='lat' dir='ltr'>solus</span> <span class='ocrx_word' id='word_1_181' title='bbox 1379 2219 1439 2265; x_wconf 90' lang='lat' dir='ltr'>qui</span> <span class='ocrx_word' id='word_1_182' title='bbox 1474 2217 1626 2255; x_wconf 87' lang='lat' dir='ltr'>fortiter</span> 
     </span>
     <span class='ocr_line' id='line_1_83' title="bbox 1080 2276 1399 2312; baseline -0.003 0"><span class='ocrx_word' id='word_1_183' title='bbox 1080 2277 1200 2312; x_wconf 88' lang='lat' dir='ltr'>crucis</span> <span class='ocrx_word' id='word_1_184' title='bbox 1231 2276 1399 2312; x_wconf 81' lang='lat' dir='ltr'>torcular</span> 
     </span>
    </p>

    <p class='ocr_par' dir='ltr' id='par_1_52' title="bbox 1076 2332 1523 2379">
     <span class='ocr_line' id='line_1_84' title="bbox 1076 2332 1523 2379; baseline -0.002 -10"><span class='ocrx_word' id='word_1_185' title='bbox 1076 2333 1259 2379; x_wconf 87' lang='lat' dir='ltr'>tristeque</span> <span class='ocrx_word' id='word_1_186' title='bbox 1290 2332 1437 2379; x_wconf 90' lang='lat' dir='ltr'>prelum</span> <span class='ocrx_word' id='word_1_187' title='bbox 1467 2353 1523 2356; x_wconf 89' lang='lat'><strong>—</strong></span> 
     </span>
    </p>

    <p class='ocr_par' dir='ltr' id='par_1_53' title="bbox 1077 2389 1418 2435">
     <span class='ocr_line' id='line_1_85' title="bbox 1077 2389 1418 2435; baseline -0.003 -10"><span class='ocrx_word' id='word_1_188' title='bbox 1077 2390 1136 2426; x_wconf 82' lang='lat' dir='ltr'>vir</span> <span class='ocrx_word' id='word_1_189' title='bbox 1168 2389 1214 2426; x_wconf 91' lang='lat' dir='ltr'>de</span> <span class='ocrx_word' id='word_1_190' title='bbox 1244 2389 1418 2435; x_wconf 85' lang='lat' dir='ltr'>gentibus</span> 
     </span>
    </p>

    <p class='ocr_par' dir='ltr' id='par_1_54' title="bbox 1076 2446 1442 2482">
     <span class='ocr_line' id='line_1_86' title="bbox 1076 2446 1442 2482; baseline -0.005 0"><span class='ocrx_word' id='word_1_191' title='bbox 1076 2446 1201 2482; x_wconf 89' lang='lat' dir='ltr'>nullus</span> <span class='ocrx_word' id='word_1_192' title='bbox 1233 2450 1354 2481; x_wconf 88' lang='lat' dir='ltr'>tecum</span> <span class='ocrx_word' id='word_1_193' title='bbox 1386 2466 1442 2471; x_wconf 85' lang='lat'>—-</span> 
     </span>
    </p>

    <p class='ocr_par' dir='ltr' id='par_1_55' title="bbox 1072 2502 1661 2776">
     <span class='ocr_line' id='line_1_87' title="bbox 1077 2502 1452 2548; baseline -0.003 -10"><span class='ocrx_word' id='word_1_194' title='bbox 1077 2503 1176 2538; x_wconf 85' lang='lat' dir='ltr'>idem</span> <span class='ocrx_word' id='word_1_195' title='bbox 1208 2502 1291 2548; x_wconf 92' lang='lat' dir='ltr'>ipse</span> <span class='ocrx_word' id='word_1_196' title='bbox 1321 2502 1452 2538; x_wconf 89' lang='lat' dir='ltr'>botrus</span> 
     </span>
     <span class='ocr_line' id='line_1_88' title="bbox 1077 2558 1381 2605; baseline -0.003 -10"><span class='ocrx_word' id='word_1_197' title='bbox 1077 2559 1228 2605; x_wconf 86' lang='lat' dir='ltr'>elegans</span> <span class='ocrx_word' id='word_1_198' title='bbox 1263 2558 1381 2605; x_wconf 81' lang='lat' dir='ltr'>Cypri</span> 
     </span>
     <span class='ocr_line' id='line_1_89' title="bbox 1073 2614 1550 2658; baseline -0.002 -7"><span class='ocrx_word' id='word_1_199' title='bbox 1073 2615 1350 2653; x_wconf 86' lang='lat' dir='ltr'>rubicundulus</span> <span class='ocrx_word' id='word_1_200' title='bbox 1382 2614 1550 2658; x_wconf 86' lang='lat' dir='ltr'>calcasti,</span> 
     </span>
     <span class='ocr_line' id='line_1_90' title="bbox 1073 2671 1661 2717; baseline -0.003 -9"><span class='ocrx_word' id='word_1_201' title='bbox 1073 2671 1204 2708; x_wconf 88' lang='lat' dir='ltr'>bibens</span> <span class='ocrx_word' id='word_1_202' title='bbox 1237 2671 1431 2708; x_wconf 89' lang='lat' dir='ltr'>nobiscum</span> <span class='ocrx_word' id='word_1_203' title='bbox 1462 2676 1593 2717; x_wconf 88' lang='lat' dir='ltr'>potum</span> <span class='ocrx_word' id='word_1_204' title='bbox 1623 2675 1661 2706; x_wconf 90' lang='lat' dir='ltr'>te</span> 
     </span>
     <span class='ocr_line' id='line_1_91' title="bbox 1072 2727 1335 2776; baseline -0.004 -12"><span class='ocrx_word' id='word_1_205' title='bbox 1072 2729 1194 2776; x_wconf 89' lang='lat' dir='ltr'>ipsum</span> <span class='ocrx_word' id='word_1_206' title='bbox 1227 2727 1335 2764; x_wconf 90' lang='lat' dir='ltr'>nobis</span> 
     </span>
    </p>

    <p class='ocr_par' dir='ltr' id='par_1_56' title="bbox 1073 2783 1600 2831">
     <span class='ocr_line' id='line_1_92' title="bbox 1073 2783 1600 2831; baseline -0.002 -10"><span class='ocrx_word' id='word_1_207' title='bbox 1073 2785 1127 2821; x_wconf 90' lang='lat' dir='ltr'>tui</span> <span class='ocrx_word' id='word_1_208' title='bbox 1160 2783 1217 2821; x_wconf 84' lang='lat' dir='ltr'>fer</span> <span class='ocrx_word' id='word_1_209' title='bbox 1247 2784 1367 2830; x_wconf 85' lang='lat' dir='ltr'>patris</span> <span class='ocrx_word' id='word_1_210' title='bbox 1399 2784 1438 2821; x_wconf 92' lang='lat' dir='ltr'>in</span> <span class='ocrx_word' id='word_1_211' title='bbox 1469 2793 1600 2831; x_wconf 90' lang='lat' dir='ltr'>regno,</span> 
     </span>
    </p>
   </div>
  </div>
 </body>
</html>
