1785 3111
281 365 345 402 16.

281 573 346 611 17.

281 783 345 821 18.

285 992 349 1032 19.

276 1203 346 1240 20.

273 1412 340 1450 21.

276 1623 342 1709 212.

273 1832 339 1869 23.

273 2035 338 2072 24.

273 2240 338 2277 25.

274 2442 337 2478 26.

270 2644 335 2681 27.

767 39 1072 80 —372—

341 185 349 194 .
396 155 466 200 Qui
499 165 614 201 genus
647 165 755 190 omne
787 153 910 191 Chore
941 158 1080 200 puncto
1111 152 1205 189 facis
1236 153 1345 189 unius
1376 152 1502 200 horae,

395 212 478 248 Hoc
509 210 613 247 obitu
647 211 792 257 dignos,
826 214 966 246 terram
999 210 1152 246 sorbere
1183 209 1377 258 malignos,

394 268 524 304 Disice
556 267 727 313 placatus
759 267 880 303 nostri
911 277 1025 312 genus
1057 277 1165 303 omne
1196 271 1336 303 reatus,

394 364 463 409 Qui
498 363 657 399 Phinees
688 363 746 399 ira
776 362 934 409 propria
964 362 1167 409 requiescis
1199 362 1246 399 ab
1278 363 1336 399 ira

393 420 445 456 Et
475 430 644 456 removes
674 420 836 465 plagam,
872 419 977 455 dedit
1007 424 1047 455 ut
1077 430 1208 455 manus
1239 419 1386 455 aemula
1417 417 1579 467 plagam,

397 476 566 513 Vulnera
596 481 810 512 nostrarum
843 487 934 512 sana
964 475 1148 512 miserans
1179 476 1400 512 animarum.

394 573 448 611 Ut
479 572 576 608 male
605 575 826 618 pergentem
858 582 927 618 per
956 571 1110 607 asellam
1143 571 1259 608 verba
1290 572 1514 620 loquentem,

394 629 502 674 Quod
534 629 713 675 populum
747 628 890 676 vendit,
923 628 1077 664 Balaam
1109 632 1173 664 tua
1204 639 1275 664 vox
1308 627 1564 674 reprehendit,

395 685 457 723 Sic
488 686 587 722 mala
617 685 740 721 vitare
773 685 910 722 doceas
941 695 1007 721 nos
1039 689 1075 720 et
1107 695 1299 730 superare.

392 782 463 828 Qui
493 792 619 818 muros
650 781 798 818 Iericho
829 781 897 817 sub
930 781 1038 817 losue
1072 778 1216 826 frangis
1248 781 1367 817 amico

392 838 546 877 Civibus
578 842 614 874 et
645 838 766 874 turbis
799 838 934 874 deletis
965 837 1067 873 illius
1098 837 1215 886 urbis,

392 895 581 932 Duritiam
614 894 739 931 cordis
770 895 881 931 tollas
914 899 948 930 et
982 894 1141 930 crimina
1171 894 1307 932 sordis.

395 992 466 1036 Qui
497 990 591 1028 facis
623 994 773 1027 exertos
804 991 979 1027 Deborae
1010 1001 1078 1037 per
1108 990 1209 1027 bella
1238 991 1413 1039 lacertos,

391 1049 581 1094 Tempora
612 1058 680 1094 per
710 1047 860 1084 Sisarae
891 1058 985 1094 quae
1017 1047 1161 1084 clavum
1195 1046 1278 1084 fixit
1309 1059 1450 1094 amare,

388 1104 583 1151 Expedias
615 1109 733 1151 actus,
766 1108 895 1141 noster
926 1104 1037 1140 cadat.
1068 1103 1186 1140 hostis
1218 1103 1388 1142 abactus

392 1201 463 1248 Qui
496 1201 568 1237 duo
600 1200 705 1246 signa
736 1199 824 1236 boni
856 1210 1041 1246 praesaga
1072 1204 1180 1236 notas
1212 1199 1394 1242 Gedeoni,

391 1258 493 1302 Quae
525 1257 634 1293 simul
664 1267 709 1293 ac
737 1256 845 1304 vidit,
878 1256 1031 1293 hostilia
1063 1261 1188 1292 castra
1218 1257 1367 1303 cecidit,

389 1314 504 1360 Signa
533 1313 795 1360 triumphandi
826 1312 999 1350 zabulum
1035 1313 1142 1349 dabis
1174 1316 1210 1349 et
1240 1312 1459 1359 superandi.

386 1411 457 1457 Qui
487 1421 578 1447 nece
610 1411 817 1448 Susannam
850 1410 986 1454 salvas,
1019 1409 1251 1446 maeroribus
1283 1411 1445 1457 Annam,

383 1468 523 1505 Natum
557 1467 650 1504 dans
680 1469 824 1507 Annae.
859 1467 1008 1513 cynicos
1040 1466 1236 1512 perdendo
1269 1466 1470 1516 Susannae,

386 1524 445 1561 Da
476 1524 645 1560 subolem
678 1524 790 1569 vitae,
823 1524 924 1561 vitae
956 1523 1005 1560 da
1036 1533 1151 1569 regna
1183 1523 1343 1569 cupitae.

389 1618 464 1668 Qui
497 1620 684 1657 subvertis
714 1620 816 1667 Heli,
847 1630 894 1656 ne
924 1620 1080 1665 iudicet,
1112 1624 1149 1656 et
1182 1619 1347 1658 Samueli

387 1678 466 1714 Das
496 1688 614 1723 puero
645 1676 722 1714 vati
754 1677 972 1713 cathedram
1004 1676 1100 1713 vatis
1132 1676 1340 1722 reprobati,

389 1734 467 1771 Nos
498 1732 707 1770 transferre
738 1734 832 1770 velis
863 1733 912 1770 ad
945 1743 1060 1780 regna
1091 1733 1145 1769 tui
1177 1732 1376 1770 Samuelis.

387 1830 455 1876 Qui
486 1829 609 1866 Saulis
641 1828 746 1865 rabie
776 1828 902 1865 David
932 1828 1178 1875 manibusque
1212 1828 1346 1865 Goliae

385 1886 515 1932 Eripis
547 1889 584 1921 et
613 1886 710 1922 vasti
742 1885 846 1931 regni
878 1884 949 1921 sibi
980 1889 1133 1930 sceptra
1163 1885 1311 1931 locasti,

386 1943 505 1989 Eripe
535 1953 602 1978 nos
632 1942 756 1989 morti,
788 1942 977 1978 caelorum
1007 1941 1119 1988 iunge
1150 1941 1310 1981 cohorti,

386 2033 457 2078 Qui
489 2032 562 2069 vim
594 2032 764 2069 Samsoni
797 2031 971 2078 dederas,
1003 2042 1152 2068 sensum
1184 2031 1376 2068 Salomoni
1406 2053 1462 2057 ——

385 2088 537 2128 Pacifer
568 2092 625 2124 est
655 2089 764 2133 alter,
796 2088 928 2124 invicti
959 2087 1106 2124 roboris
1135 2089 1233 2125 alter
1266 2111 1316 2115 ——

385 2147 445 2184 Da
478 2146 619 2183 dociles
650 2155 773 2182 mores
805 2149 842 2181 et
872 2145 972 2181 vires
1003 2144 1217 2184 interiores,

385 2237 454 2283 Qui
485 2237 555 2273 tibi
587 2236 805 2273 Thesbiten]
834 2236 986 2282 iustum,
1019 2246 1133 2282 super
1164 2236 1288 2272 omnia
1319 2236 1458 2284 mitem,

386 2293 571 2331 Subvehis
602 2294 688 2339 igne
720 2297 802 2329 rota
833 2293 985 2339 regione
1015 2293 1176 2329 locando
1207 2297 1363 2334 remota,

385 2350 528 2395 Culpae
558 2360 759 2396 suspensos
790 2360 857 2386 nos
889 2359 971 2385 esse
1002 2347 1063 2385 fac
1093 2349 1392 2395 irreprehensos,

385 2439 454 2485 Qui
487 2439 665 2485 praedam
700 2439 800 2487 ditis,
834 2449 991 2485 puerum
1023 2450 1179 2476 revocas
1211 2439 1415 2476 Sunamitis
1442 2461 1497 2465 —

384 2496 566 2534 Reddunt
596 2496 751 2532 tartarei
783 2496 955 2532 iuvenem
986 2496 1130 2532 meritis
1163 2496 1329 2533 Helisaei
1364 2517 1416 2521 -—

383 2553 461 2589 Nos
494 2563 515 2588 a
545 2557 702 2598 peccato
733 2552 924 2589 redivivos
956 2552 1169 2599 purificato.

379 2642 524 2688 Quique
553 2653 701 2678 manum
735 2642 860 2679 Iudith
892 2642 1005 2689 regis,
1035 2646 1076 2678 ut
1106 2646 1218 2688 caput
1250 2646 1411 2688 extaque
1444 2640 1541 2679 fudit

382 2699 496 2745 Regis
526 2696 758 2745 Holofernis‚
792 2703 828 2735 et
859 2709 941 2735 eum
973 2698 1076 2745 turpi
1106 2708 1197 2735 nece
1227 2698 1377 2745 sternis,

385 2755 447 2792 Sic
477 2758 608 2801 vegeta
638 2759 800 2791 mentem
832 2766 916 2791 cum
949 2755 1129 2792 daemone
1160 2754 1260 2792 bella
1289 2758 1494 2801 gerentem.
