1785 3111
795 92 848 96 —
907 69 989 109 306

172 188 234 226 13.
285 185 522 222 Hierusalem
540 183 713 229 linquens
730 187 911 229 sanctam,

341 241 531 277 civitatem
563 239 757 287 optimam,

280 299 379 334 Yere
411 301 466 333 est
498 306 594 342 quae
624 298 730 343 pacis
762 296 874 343 visio,

339 353 609 390 descenderam
642 352 803 398 Iericho,

281 411 403 447 Huius
435 410 565 446 mundi
596 409 644 446 ad
678 408 865 446 defectum

341 472 460 504 totum
495 466 583 502 dedi
614 467 791 505 animum.

176 573 240 610 14.
288 571 486 616 insperate
515 569 712 614 laqueatus

345 625 473 662 cecedi
504 625 740 673 improvidus

286 685 330 721 In
362 693 493 719 manus
526 681 679 718 tandem
710 681 899 718 latronum

340 740 420 776 dire
452 738 712 787 saevientium,

280 797 345 834 Me
375 801 620 843 quaerentum
656 795 841 832 devorare

337 853 487 890 leonina
519 851 636 891 rabie,

175 958 238 995 15.
289 956 461 1003 Captum,
485 965 646 1001 caesum,
665 954 915 1000 vulneratum,

343 1012 557 1059 spoliatum,
592 1011 768 1047 miserum

288 1069 537 1115 Reliquerunt
570 1067 802 1116 semivivum,

342 1126 389 1161 ad
420 1131 560 1161 terram
596 1125 822 1170 depositum,

288 1182 403 1219 Duris
434 1181 586 1218 flatibus
618 1182 826 1227 spirantem

347 1249 517 1285 peneque
549 1239 771 1275 exanimem.

174 1343 238 1380 16.
287 1341 350 1378 Sic
382 1344 417 1376 et
449 1340 569 1378 omnis
600 1340 697 1376 male
730 1344 874 1389 captus,

343 1397 493 1434 saeculo
525 1397 588 1443 qui
621 1396 772 1434 deditus

285 1455 448 1493 Sanctae
479 1454 586 1500 pacis
619 1454 802 1490 visionem

348 1511 504 1548 dimittit
534 1510 787 1551 Hierusalem,

287 1568 450 1608 Iericho,
484 1568 595 1604 lunae
628 1566 817 1604 defectum

347 1625 472 1662 adhuc
507 1630 639 1660 tenens
671 1624 835 1673 noxium,

182 1729 246 1766 17.
285 1727 380 1765 Inde
413 1727 522 1763 cadet
553 1727 590 1763 in
623 1727 803 1776 latrones,

347 1784 525 1821 videlicet
558 1784 771 1828 daemones,

288 1840 401 1878 Vitiis
434 1840 620 1876 misellum
652 1840 819 1888 plagant,

345 1897 550 1934 virtutibus
583 1897 759 1943 spoliant,

287 1954 619 1992 Immortalitatem
654 1954 819 1998 demunt,

346 2011 530 2047 rationem
563 2014 762 2056 nequeunt.

179 2112 247 2151 18.
294 2113 373 2150 Ian]
410 2109 541 2162 [iacet]
576 2112 678 2148 velut
710 2111 897 2162 captivus,

353 2169 411 2205 cui
443 2169 566 2205 nullus
600 2169 806 2214 proximus,

294 2227 448 2263 Parens.
480 2230 591 2261 notus
624 2227 684 2262 vel
715 2225 870 2271 amicus,

351 2282 494 2318 doloris
525 2281 588 2328 qui
621 2283 806 2329 conscius,

295 2338 378 2374 Nisi
410 2339 494 2384 pius
528 2338 628 2375 Deus
660 2350 775 2383 meus,

352 2406 466 2441 super
497 2405 624 2431 omnes
655 2395 850 2441 providus,

181 2511 246 2547 19.
293 2508 480 2545 Sacerdos
512 2518 665 2545 currens
697 2509 885 2559 transivit,

349 2565 429 2601 viso
460 2574 519 2601 me
549 2566 759 2611 praeteriit,

287 2621 463 2658 Perdidit.
494 2622 791 2667 compassionem

344 2689 416 2714 non
448 2678 569 2714 sciens
601 2689 641 2714 se
671 2679 870 2725 hominem,

289 2736 469 2772 Pietatem
501 2733 642 2770 habens
673 2735 815 2771 nullam

343 2802 409 2827 seu
441 2791 750 2829 misericordiam.

1002 185 1069 222 20.
1103 183 1155 221 Ut
1186 183 1378 229 sacerdos,
1411 183 1465 219 sic
1495 182 1611 219 levita

1153 240 1237 286 ipsa
1267 244 1398 276 tenens
1431 239 1552 285 devia,

1097 296 1226 334 Minor
1256 297 1387 345 gradu,
1422 307 1492 342 par
1520 298 1558 332 in
1591 299 1678 332 actu

1156 353 1270 389 simili
1301 352 1485 399 exhibitu,

1099 410 1230 446 Mente
1259 409 1395 446 transit
1426 409 1508 455 ipse
1540 420 1658 455 prava

1159 466 1285 503 cordis
1318 477 1400 502 cum
1431 466 1583 504 duritia.

1001 568 1068 606 21.
1101 568 1306 604 Transiens
1339 567 1599 604 Samaritanus

1157 624 1277 660 visum
1308 623 1414 661 flexit¹
1445 624 1620 670 placidus
1714 671 1716 673 Ι

1098 680 1149 718 Et
1185 681 1355 727 respexit
1385 691 1444 717 me
1475 682 1672 724 iacentem,

1155 737 1311 774 lividum
1346 749 1389 774 ac
1422 737 1596 783 debilem,

1098 794 1240 841 Magna
1270 805 1337 831 sua
1367 795 1509 841 pietate

1157 852 1317 888 accessit
1348 851 1570 891 humillime.

1003 955 1069 994 22.
1102 953 1235 991 Custos
1266 954 1328 1000 qui
1362 953 1636 1003 Samaritanus,

1162 1010 1335 1048 Christus
1367 1011 1439 1047 Dei
1469 1010 1581 1057 filius,

1103 1067 1329 1104 Peccatores
1362 1068 1549 1104 sauciatos

1160 1125 1327 1171 respexit
1361 1124 1398 1160 in
1431 1123 1540 1168 filios,

1105 1183 1138 1218 A
1170 1186 1347 1227 respectu
1377 1181 1441 1227 pio
1473 1181 1578 1218 cuius

1160 1244 1355 1274 recreatur
1385 1238 1554 1284 spirituS.

1006 1341 1072 1377 23.
1104 1339 1236 1376 Secum
1281 1340 1420 1376 ducens
1460 1339 1497 1376 in
1528 1339 1733 1377 iumentum

1162 1407 1298 1443 corpus
1330 1397 1479 1443 quidem
1514 1407 1691 1434 carneum

1108 1453 1317 1496 Ecclesiae,
1351 1464 1423 1500 quo
1455 1453 1663 1490 sanandum

1167 1510 1351 1556 ducimur,
1384 1510 1432 1546 ad
1464 1509 1666 1555 stabulum,

1110 1568 1238 1613 Plagis
1269 1572 1404 1613 aptans
1435 1567 1530 1615 legis
1562 1568 1689 1604 vinum

1167 1624 1384 1670 gratiaeque
1415 1623 1551 1662 oleum.

1006 1728 1070 1764 24.
1104 1727 1266 1773 Respice
1296 1737 1408 1773 nunc,
1441 1727 1526 1763 Iesu
1558 1727 1720 1774 Christe,

1163 1783 1318 1830 pietatis
1350 1783 1494 1828 unicae,

1106 1840 1238 1876 Flecte
1266 1840 1385 1877 visum
1417 1845 1521 1878 tuum
1553 1840 1602 1878 ad
1633 1850 1704 1884 me,

1162 1896 1304 1943 flagito,
1337 1897 1516 1945 piissime,

1106 1953 1157 1991 Ut
1190 1958 1385 2000 respectus
1416 1965 1551 2000 queam
1583 1962 1666 1990 mea

1164 2011 1348 2056 plangere
1379 2009 1563 2049 facinora.

1013 2113 1080 2150 25.
1113 2112 1331 2158 Respexisti
1366 2112 1555 2158 quondam
1587 2112 1738 2149 Petrum

1169 2173 1325 2215 peccato
1357 2168 1571 2214 obnoxium,

1111 2225 1181 2271 Qui
1212 2230 1406 2272 respectus
1436 2224 1539 2262 flevit
1570 2225 1662 2262 dure

1171 2282 1299 2319 divino
1330 2292 1376 2318 ex
1407 2292 1573 2331 munere,

1112 2338 1175 2375 Ad
1207 2339 1366 2384 gratiam
1397 2343 1630 2376 restauratus

1170 2395 1380 2442 permansit
1409 2396 1615 2442 apostolus.

1018 2510 1084 2547 26.
1119 2509 1337 2555 Respexisti
1367 2513 1403 2546 et
1434 2509 1632 2554 latronem,

1173 2566 1397 2602 sceleratum
1430 2565 1631 2613 hominem,

1115 2622 1166 2659 Ut
1199 2627 1235 2657 te
1265 2623 1385 2659 Deum
1416 2622 1624 2659 maiestatis

1076 2722 1078 2724 q
1171 2677 1355 2715 fateretur
1386 2678 1558 2726 humilis3

1111 2734 1251 2772 Meruit
1283 2735 1337 2771 sic
1367 2735 1536 2783 paradisi

1174 2797 1296 2828 tecum
1331 2798 1460 2838 portas
1490 2791 1651 2838 ingredi.
