1785 3111
133 147 200 186 41.

135 702 200 740 42.

139 1810 206 1846 44.

165 1279 201 1294 .,
249 1253 408 1291 Nobis
439 1252 492 1289 ibi
525 1252 749 1299 degentibus

873 29 954 69 656

246 145 459 184 Ventris
491 148 622 191 partus
654 144 830 181 amabilis

303 202 362 239 De
393 207 430 238 te
462 202 562 239 velut
595 201 651 238 sol
682 200 826 250 exiens,

247 258 431 296 Genetrix
466 257 705 303 venerabilis,

301 314 472 353 Advenit
501 314 641 351 mundo
672 313 821 362 oriens,
912 354 916 357 ,

304 372 373 418 Qui
396 376 484 418 post
499 371 549 408 ad
565 373 713 417 patrem
730 370 883 407 rediens

245 428 374 466 Veluti
406 438 472 465 rex
504 427 703 474 mirabilis,

305 485 389 522 Suis
422 484 520 522 dona
551 484 753 532 elargiens,

246 541 428 580 Gaudens
458 540 608 578 scandit
638 540 812 578 visibilis.

248 699 337 737 Tui
368 699 447 736 nati
479 699 632 746 grandis
666 701 809 748 status3

306 756 502 794 Scandens
519 755 687 792 tribunal
706 755 887 792 dexterae

248 814 359 851 Euax
393 812 504 849 nimis
537 812 724 849 exaltatus

307 870 391 918 Est,
425 879 534 916 quem
566 869 718 905 lactasti
746 868 886 916 ubere,

306 926 395 973 Ora,
428 929 469 962 ut
499 936 566 962 suo
596 935 751 962 munere

251 982 413 1019 Nostros
445 982 509 1018 hic
539 982 648 1018 tollat
680 985 821 1029 reatus,

306 1039 375 1085 Qui
409 1042 544 1076 cuncta
574 1038 691 1075 habet.
721 1048 863 1087 regere,

248 1096 460 1134 Ostendens
491 1106 561 1142 pro
593 1094 701 1132 nobis
732 1095 844 1132 latus.

308 1310 419 1347 Dona
449 1309 556 1356 larga
587 1314 627 1346 tu
656 1310 808 1356 largire,

251 1367 417 1404 Succure
447 1365 718 1412 impotentibus

308 1423 389 1460 Nec
419 1434 487 1460 nos
521 1423 688 1459 dimittas
719 1422 857 1472 perire,

307 1480 408 1517 Nato
439 1483 503 1516 tuo
535 1477 595 1516 fac
626 1479 769 1516 servire

250 1536 330 1573 Nos
362 1536 431 1572 tibi
463 1536 770 1583 obsequentibus,

309 1593 359 1631 Ut
391 1593 633 1639 postmodum
664 1593 824 1629 introire

251 1650 443 1694 Pessimus
474 1650 512 1686 in
545 1649 784 1689 caelestibus,

252 1810 372 1846 Post
401 1812 437 1844 te
468 1808 681 1854 quaerimus
715 1818 866 1845 currere

310 1866 354 1903 In
386 1864 541 1901 odorem
570 1868 854 1915 unguentorum,

252 1920 454 1958 Defunctis
488 1919 636 1957 confers
669 1921 809 1969 vivere,

311 1978 417 2015 Cella
447 1977 790 2023 odoramentorum,

308 2035 351 2071 In
382 2034 534 2080 regione
566 2034 734 2070 vivorum

251 2091 442 2137 Vergente
473 2090 603 2126 mundi
635 2100 793 2136 vespere

311 2148 408 2184 Para
438 2147 519 2184 loca
552 2146 761 2191 beatorum,

252 2204 315 2242 Ad
338 2214 433 2250 quae
455 2215 521 2240 nos
541 2202 601 2240 fac
619 2203 884 2242 conscendere.

198 2379 206 2388 .
253 2351 347 2388 Hoc
365 2361 515 2397 semper
532 2354 600 2397 est,
618 2349 718 2396 quod
735 2353 921 2398 optamus,
962 2351 1026 2389 50.

310 2408 473 2453 Assequi
504 2407 604 2444 vitae
635 2406 820 2453 bravium,

255 2463 353 2512 Tibi,
386 2468 520 2510 mater,
552 2463 822 2510 supplicamus,

250 2539 256 2544 ·
310 2520 470 2566 Adauge
501 2523 588 2556 vota
620 2519 790 2556 cordium

313 2576 520 2622 Carnisque
551 2575 794 2621 supercilium

256 2633 350 2679 Legi
381 2632 517 2669 mentis
548 2631 843 2679 substernamus,

315 2689 405 2726 Post
426 2689 534 2725 liuius
556 2698 703 2735 pugnae
721 2689 887 2726 taedium

257 2746 311 2784 Ut
342 2745 504 2792 gloriose
536 2744 716 2781 vivamus.

957 146 1022 184 46.

957 697 1025 738 47.

962 1810 1028 1848 49.

1069 144 1324 182 Exsilium
1354 155 1453 181 nunc
1484 144 1671 182 sustinent

1126 201 1306 239 Damnati
1336 200 1468 238 mortis
1498 201 1655 251 legibus,

1072 258 1172 304 Quos
1213 258 1338 295 vincla
1368 258 1503 303 culpae
1534 257 1704 295 detinent

1126 314 1282 351 Detrusi
1312 314 1350 350 in
1382 313 1616 360 carceribus3

1123 371 1247 408 Adest
1276 371 1390 408 iudex
1420 371 1459 407 in
1491 368 1648 418 foribus,

1069 427 1186 473 Quem
1208 438 1282 465 non
1298 428 1432 474 latent,
1452 427 1521 464 sed
1538 427 1705 465 eminent

1125 484 1224 521 Acta
1255 485 1368 531 plena
1400 483 1631 532 criminibus,

1067 540 1127 578 Ex
1158 540 1293 587 quibus
1323 551 1469 588 poenae
1495 540 1703 581 imminent.

1072 698 1290 737 Ostende
1320 697 1367 735 ob
1399 698 1493 735 haec
1522 698 1640 736 ubera

1126 756 1188 793 Ad
1212 755 1437 802 placandum
1455 759 1558 792 tuum
1577 760 1704 793 natum

1070 812 1302 858 Pietatisque
1334 812 1490 862 viscera,

1128 869 1187 906 Ne
1218 868 1413 906 videamus
1445 871 1612 917 reatum,

1127 925 1260 962 Finem
1291 936 1438 972 quoque
1470 925 1518 963 da
1539 925 1704 972 beatum,

1073 981 1130 1019 Ne
1161 982 1289 1018 laedat
1318 992 1419 1018 mors
1451 979 1660 1019 damnifera

1128 1038 1339 1075 Exsolvens
1365 1043 1535 1075 nostrum
1556 1043 1707 1076 reatum

1072 1093 1252 1132 Reforma
1282 1094 1385 1140 pacis
1417 1093 1586 1134 foedera.

1069 1253 1099 1291 Ο
1132 1252 1248 1289 clavis
1278 1252 1423 1289 caelum
1454 1262 1639 1296 reseranS,

1128 1309 1261 1346 Turris
1291 1308 1418 1346 David
1451 1308 1629 1356 eburnea,

1073 1366 1203 1403 Nubes
1234 1366 1408 1402 ardorem
1439 1369 1668 1413 temperans,

1131 1422 1299 1460 Granum
1330 1433 1465 1468 purum
1494 1422 1534 1459 in
1566 1433 1667 1469 area,

1131 1479 1263 1525 Regna
1293 1489 1427 1526 regens
1458 1478 1648 1525 aetherea,

1071 1536 1209 1583 Aegris
1241 1535 1400 1572 salutem
1430 1546 1606 1582 operans,

1130 1593 1204 1629 Per
1234 1596 1271 1628 te
1302 1592 1366 1629 lux
1397 1593 1518 1639 surgit
1547 1602 1675 1638 aurea,

1073 1649 1150 1687 Ros
1181 1652 1218 1686 et
1248 1648 1369 1686 imber
1398 1646 1643 1695 refrigerans.

1077 1809 1105 1847 C
1119 1809 1163 1845 le
1175 1819 1210 1844 m
1224 1818 1243 1844 e
1255 1819 1278 1844 n
1291 1818 1307 1844 s
1325 1807 1455 1844 mundi
1471 1806 1708 1856 imperatrix,

1132 1866 1251 1911 Quam
1282 1864 1414 1902 laudat
1445 1864 1539 1901 caeli
1571 1863 1687 1910 curia,

1072 1922 1304 1968 Angelorum
1336 1920 1566 1967 reparatrix,

1129 1978 1182 2014 Te
1215 1978 1325 2014 decet
1354 1978 1436 2014 laus
1467 1981 1504 2013 et
1535 1976 1673 2024 gloria,

1130 2034 1181 2071 Ut
1214 2034 1282 2080 vis,
1317 2033 1486 2080 disponis
1513 2033 1650 2078 omnia,

1073 2091 1166 2127 Post
1196 2089 1398 2127 Dominum
1429 2089 1690 2137 gubernatrix,

1130 2147 1202 2183 Per
1232 2149 1269 2182 te
1300 2145 1375 2182 reis
1406 2144 1447 2182 fit
1479 2145 1600 2194 venia,

1071 2202 1255 2241 Divorum
1288 2212 1484 2239 munerum
1515 2202 1655 2241 datriX.

1074 2351 1103 2389 O
1136 2351 1275 2397 Venus,
1311 2349 1381 2386 dea
1411 2348 1562 2397 amoris,

1132 2406 1212 2444 Soli
1242 2406 1323 2442 Deo
1363 2415 1505 2442 summe
1534 2405 1708 2451 haerens,

1074 2463 1176 2501 Rosa
1206 2462 1377 2499 immensi
1408 2461 1547 2510 odoris,

1111 2519 1272 2566 Lignum
1281 2518 1380 2556 vitae
1388 2516 1551 2554 fructum
1562 2526 1710 2564 gerens,

1129 2573 1285 2614 Lucifer
1310 2574 1458 2611 radium
1490 2571 1626 2622 ferens,

1074 2632 1138 2669 Sol
1170 2641 1329 2668 exurens
1360 2630 1397 2668 vi
1428 2629 1590 2675 ardoris,

1130 2688 1210 2725 Tuo
1241 2697 1367 2724 amore
1399 2696 1463 2723 cor
1493 2695 1666 2723 maerens

1078 2744 1257 2783 Accende
1287 2743 1388 2780 intus
1420 2746 1456 2779 et
1487 2742 1593 2780 foris.
