1785 3111
762 148 818 152 —.
877 126 931 165 34
992 148 1043 152 -.

216 240 347 280 Hyrnn.
380 250 442 271 ms.
469 240 669 270 Veronense
700 248 788 270 saec.
818 237 868 269 11.
919 240 1000 271 (jod,
1028 240 1141 281 Capit.
1167 241 1339 271 Veronen.
1369 236 1432 271 109
1455 236 1558 279 (102.)
1581 238 1622 270 Α.
1647 257 1692 260 -

121 287 255 326 Hymn.
293 290 326 318 et
352 286 513 326 Sequent.
549 295 610 315 ms·
638 284 918 315 Fredeslariense
951 295 1041 317 saec.
1070 283 1121 316 11.
1171 285 1254 317 Cod.
1281 284 1457 316 Casselan.
1483 284 1606 316 Theol.
1630 284 1691 316 IV.

120 329 179 362 25.
194 331 233 363 B.
254 349 296 354 —
314 332 414 362 Brev.
432 340 494 362 ms.
509 330 721 362 Glnnicense
736 340 825 361 saec.
842 327 902 368 12„
927 330 1011 363 Cod.
1028 331 1170 362 Lincen.
1185 331 1213 362 T
1231 341 1252 372 p
1273 328 1325 361 19.
1343 330 1380 362 C.
1401 330 1614 362 —Process.
1629 340 1690 361 ms.

123 376 158 408 S.
187 377 330 418 Georgii
354 377 504 416 Pragen.
532 384 620 406 5300.
650 373 700 405 14.
727 376 774 405 in.
815 375 898 406 Cod.
924 376 1070 417 Pragen.
1096 376 1166 407 XII
1191 376 1220 407 E
1251 374 1290 407 15
1316 385 1346 406 a.
1373 376 1415 406 D.
1441 393 1485 396 —
1509 376 1611 407 Brev.
1628 386 1691 407 ms.

124 421 159 452 S.
192 422 335 464 Georgii
367 422 515 462 Pragen.
547 429 638 452 saec.
673 418 724 451 14.
758 421 805 450 in.
856 420 937 452 Cod.
970 421 1116 462 Pragen.
1149 422 1165 452 I
1200 421 1229 453 G
1265 419 1315 452 17.
1349 421 1392 452 E.
1425 438 1469 442 -—
1503 422 1602 452 Brev.
1628 430 1691 452 ms,

122 467 295 507 Teplense
328 468 410 498 anni
445 463 542 497 1353.
600 465 684 497 Cod.
717 465 864 506 Pragen.
896 467 964 497 VII
995 467 1022 497 F
1056 463 1110 497 23.
1144 467 1181 497 F.
1214 484 1255 488 -
1288 467 1391 498 Brev.
1424 476 1486 497 ms.
1514 466 1691 507 Pragense

124 522 213 544 5300.
244 510 294 544 14.
336 512 419 543 Cod.
444 512 534 542 Mus.
560 510 703 542 Bohem.
736 512 820 542 XIV
845 511 874 542 E
904 509 954 542 13.
981 511 1021 543 G.
1047 528 1089 532 —
1107 513 1231 543 Diurn.
1250 522 1311 542 ms.
1329 511 1546 543 Benedictin.
1565 512 1691 542 Bavar.

124 567 213 589 5300.
242 555 292 589 14.
343 557 426 589 Cod.
452 556 661 588 Altovaden.
699 557 742 588 X.
769 557 814 588 H.
849 574 892 577 —
920 557 1028 588 Psalt.
1055 561 1089 588 et
1112 557 1229 598 hymn.
1255 567 1317 588 ms.
1344 557 1575 589 Olomucense
1601 566 1692 588 saec.

126 601 177 634 14.
227 603 311 634 Cod.
338 604 372 635 S.
399 602 525 633 Iakobi
551 602 700 633 Brunen.
727 599 782 634 24.
810 602 836 633 I.
863 621 907 624 —
932 603 1033 634 Brev.
1060 612 1122 633 1115.
1148 603 1370 634 Trebonense
1396 611 1485 634 saec.
1515 600 1566 633 15.
1608 601 1692 634 Cod.

123 648 271 689 Pragen.
297 647 347 679 VI
373 648 399 679 F
428 645 468 679 12
493 648 526 679 b.
544 648 586 679 K.
611 664 656 669 —-
674 649 773 679 Brev.
800 658 862 678 ms.
881 647 1048 679 Iohannis
1075 648 1217 689 plebani
1236 649 1272 678 in
1288 646 1457 679 Richnow
1475 647 1693 679 ssohemieali

124 695 208 724 anni
236 690 334 725 1485.
383 693 464 725 Cod.
491 692 699 724 Altovaden.
726 690 779 724 98.
804 694 844 724 L.

218 736 246 774 1,
272 736 293 770 3
325 749 381 780 sq:
416 739 504 770 Nam
538 742 647 770 morte
680 742 824 769 mortem
859 738 967 770 diruit
992 739 1040 770 Ac
1066 742 1174 770 semet
1201 738 1371 779 impendit
1395 739 1464 770 sibi
1488 736 1692 778 (Peristeph.

124 784 169 821 H,
208 782 247 815 19
278 784 348 815 und
382 781 438 822 20)
461 784 501 815 A.
530 801 574 805 ——
600 782 630 821 2,
666 783 680 815 1
710 784 812 815 Forte
838 783 893 814 hic
921 784 1082 815 sacerdos
1107 784 1148 816 G.
1173 802 1217 804 —
1243 782 1273 821 ὅ,
1299 781 1321 814 4
1344 784 1430 815 Post
1454 783 1518 815 1130
1542 783 1589 823 G3
1616 786 1694 824 post

125 830 211 860 haec
236 830 309 861 AL.
342 847 386 850 —
419 828 458 867 4,
492 826 513 860 3
547 830 615 861 iam
646 829 719 860 dies
747 829 786 861 G.
810 846 855 850 —
880 828 910 866 5,
940 829 1066 861 1Hinc
1093 839 1229 870 quoque
1258 832 1377 860 sancte
1402 829 1443 861 G.
1469 845 1512 850 ——
1538 827 1569 867 5,
1599 826 1614 860 1
1642 838 1693 871 sq.

126 875 326 916 passionem
352 878 447 906 tuam
472 875 513 906 E.
540 892 584 895 —
613 873 650 908 5.
685 872 705 905 2
738 885 800 905 1105
827 875 913 905 fehlt
938 876 983 910 G:
1010 877 1207 916 passionem
1233 876 1432 916 quaerimus
1461 875 1498 909 B,
1527 873 1621 906 Edit.
1651 891 1693 895 —-

126 919 158 958 5,
182 917 203 951 3
229 920 324 960 Quae
351 921 498 962 quisque
524 920 564 952 G.
591 938 632 941 —

489 1052 546 1088 34.
584 1054 664 1095 (13.)
699 1053 756 1087 De
784 1052 936 1087 sanctis
964 1053 1086 1087 Petro
1115 1054 1154 1087 et
1180 1052 1325 1088 Paulo.

331 1122 536 1162 (peristeph.
563 1124 641 1159 XII,
671 1120 775 1162 1—6;
804 1120 953 1161 11—203
979 1120 1133 1161 23-283
1160 1120 1311 1161 55-563
1338 1120 1399 1161 593
1425 1120 1489 1161 60).

219 1215 256 1255 1.
318 1217 411 1254 Plus
442 1216 553 1252 solito
585 1219 718 1252 coeunt
749 1215 796 1251 ad
830 1215 989 1262 gaudia;
1023 1215 1097 1256 dic,
1129 1214 1260 1262 amice,
1294 1215 1384 1260 quid
1415 1214 1492 1251 sit‘?

362 1273 518 1310 Romam
551 1283 620 1319 per
649 1282 794 1308 0111110111
828 1271 1012 1308 cursitant
1043 1275 1243 1318 ovantque.

219 1375 257 1414 2.
318 1375 457 1413 Festus
486 1372 684 1421 apostolici
716 1373 824 1410 nobis
856 1373 955 1410 redit
987 1374 1049 1410 hic
1081 1373 1161 1410 dies
1191 1374 1385 1422 triumphi,

366 1432 472 1468 Pauli
505 1438 617 1477 atque
648 1431 752 1468 Petri
784 1430 922 1467 nobilis
955 1441 1100 1468 cruore.

220 1535 257 1571 3.
318 1533 424 1571 Unus
455 1538 655 1579 utrumque
688 1533 781 1581 dies,
813 1532 926 1578 pleno
957 1536 1083 1568 tamen
1116 1532 1316 1570 innovatus
1348 1543 1460 1581 anno,

366 1589 473 1626 Vidit
505 1588 667 1636 superba
699 1593 820 1625 morte
851 1589 1075 1626 laureatum.

226 1694 293 1730 4.·
325 1691 453 1730 Prima
486 1691 639 1727 Petrum
671 1690 797 1736 rapuit
829 1690 1016 1726 sententia
1045 1689 1191 1736 legibus
1218 1689 1394 1735 Neronis,

372 1748 546 1785 Pendere
573 1748 712 1783 iussum
745 1747 1005 1793 praeminente
1035 1746 1150 1793 ligno.

223 1853 260 1890 5.
322 1849 392 1888 Ille
422 1853 547 1885 tamen
580 1849 721 1884 veritus
753 1848 875 1884 celsae
907 1847 1022 1884 decus
1050 1847 1275 1884 aemulando
1303 1848 1435 1885 mortis

386 1905 544 1943 Ambire
575 1905 671 1941 tanti
702 1905 860 1951 gloriam
892 1904 1075 1951 magistri,

223 2011 259 2048 6,
321 2008 462 2054 Exigit.
496 2011 535 2043 ut
567 2006 727 2053 pedibus
762 2017 924 2042 mersum
957 2010 1068 2052 caput
1101 2006 1320 2053 imprimant
1352 2006 1509 2056 supinis,

386 2065 466 2111 Quo
498 2069 643 2110 spectet
674 2064 786 2099 imum
819 2063 986 2109 stipitem
1019 2062 1188 2101 cerebro.

225 2167 262 2204 J]

322 2165 471 2211 Figitur
502 2175 590 2211 ergo
622 2175 751 2201 manus
785 2164 927 2212 subter,
959 2165 1039 2201 sola
1070 2174 1200 2201 versus
1231 2164 1270 2201 in
1301 2174 1490 2208 cacumen.

387 2222 471 2258 Hoc
501 2226 624 2257 mente
656 2222 784 2271 maior,
818 2232 890 2267 quo
921 2221 1043 2258 minor
1074 2220 1205 2269 figura,

225 2326 263 2363 8.
325 2323 493 2360 Noverat
525 2334 570 2359 ex
603 2323 734 2359 humili
767 2323 910 2359 caelum
943 2323 1038 2359 citus
1070 2323 1192 2359 solere
1223 2322 1334 2367 adiri.

390 2380 539 2418 Deiecit
571 2391 637 2416 ora
669 2380 842 2425 spiritum
877 2379 1048 2417 daturus

229 2485 266 2522 9.
328 2482 480 2518 Evomit
511 2481 550 2517 in
581 2482 747 2527 iugulum
781 2482 886 2519 Pauli
920 2482 1023 2518 Nero
1053 2479 1242 2517 fervidum
1275 2478 1453 2525 furorem,

391 2538 502 2575 Iubet
532 2536 639 2574 feriri
670 2537 833 2584 gentium
866 2538 1096 2584 magistrum.

203 2635 267 2674 10.
331 2636 417 2681 Ipse
449 2634 553 2681 prius
585 2634 733 2670 sibimet
765 2634 875 2670 finem
909 2635 983 2672 cito
1016 2634 1166 2670 dixerat
1198 2631 1387 2670 futurum:

393 2691 456 2728 Ad
487 2690 678 2728 Christum
712 2690 872 2727 eundum
907 2695 975 2735 051,
1008 2690 1082 2727 iam
1113 2689 1294 2735 resolvor,
1326 2689 1460 2736 inquit.

204 2790 269 2828 11.
331 2787 413 2824 Nec
442 2798 560 2835 mora,
593 2787 841 2834 protrahitur,
875 2797 1018 2834 poenae
1051 2787 1174 2833 datur,
1208 2784 1426 2821 immolatur
1458 2794 1565 2832 ense;

392 2844 478 2881 Non
510 2844 602 2881 hora
634 2848 769 2887 vatem,
803 2855 875 2880 11011
910 2844 990 2881 dies
1023 2841 1174 2880 fefellit.
