1785 3111
721 87 1035 128 —635-

92 204 159 241 49.
205 202 303 251 Ave,
335 204 468 249 mater,
501 212 611 248 quam
645 201 684 239 in
715 202 844 239 throni
917 203 983 242 56.
1029 202 1124 249 Ave,
1157 212 1253 248 pura
1284 201 1400 251 virgo,
1434 204 1566 247 mater,

204 258 402 307 Dignitate
432 259 639 305 superponi
1030 259 1114 296 Ave
1145 258 1273 304 semel,
1306 257 1377 304 bis,
1410 261 1480 307 ter,
1514 261 1660 306 quater,

266 316 393 354 Voluit
424 314 614 352 caelicolis
1084 316 1168 353 Ave
1198 314 1302 351 mille
1331 314 1491 361 vicibus,

205 373 257 419 Is,
289 372 355 419 qui
387 371 513 408 frenat
544 375 581 407 et
609 371 758 419 aurigat
1028 373 1124 416 Ave,
1158 371 1264 419 virgo
1296 371 1424 419 comis,
1456 371 1571 418 mitis,

207 429 314 467 Caeli
347 432 498 475 raptum
531 431 566 464 et
598 428 661 474 qui
692 428 786 475 ligat
1028 430 1122 477 Ave,
1156 434 1279 465 mater
1309 427 1507 474 exquisitis

262 485 464 523 Elementa
494 484 691 531 symbolis,
1085 485 1318 522 Extollenda
1347 484 1537 524 laudibus,

89 593 156 632 50.
206 592 302 640 Ave,
335 592 458 640 virgo,
492 602 587 639 quae
620 596 812 630 tonantem
919 594 982 632 57.
1029 594 1123 642 Ave,
1143 596 1276 639 mater,
1299 592 1453 630 maestis
1470 596 1657 641 prompta,

204 649 324 686 Lacte
353 648 480 686 nutris
511 652 548 685 et
578 649 782 686 lactantem
1033 649 1658 696 Quamnonpossuntsatiscompta

261 705 406 743 Stricta
439 705 558 752 cingis
590 704 731 754 fascia;
1082 706 1259 743 Laudare
1292 705 1471 743 facundia

201 762 298 810 Ave,
331 763 462 810 semel,
493 773 564 799 ave
594 773 756 812 rursum,
1026 763 1099 800 Tot
1129 763 1322 809 Marones,
1355 766 1411 800 tot
1442 762 1623 810 Sibyllae,

200 820 304 865 Quae
318 829 388 866 per
405 829 555 857 carnem
568 819 670 856 sistis
684 829 834 857 cursum
1026 819 1124 865 Quot
1154 823 1240 856 sunt
1262 819 1359 856 vasti
1381 819 1495 855 maris
1519 820 1657 866 stillae,

258 875 392 914 Carnis
423 876 473 914 ad
506 875 684 916 declivia.
1084 874 1302 913 Conflantes
1334 875 1495 922 ingenia.

87 984 152 1022 51.
200 983 304 1022 Sicut
337 983 440 1020 unda
469 993 655 1030 praeceps
685 981 780 1033 fluit,
910 985 976 1024 58.
1024 984 1068 1021 In
1099 988 1136 1020 te
1168 983 1331 1030 primum
1362 983 1569 1033 uhimatur,

199 1040 263 1078 Sic
293 1044 496 1087 corruptae
527 1040 652 1077 carnis
684 1041 759 1077 ruit
1027 1040 1265 1079 Primitivum
1300 1040 1511 1089 derivatur,

253 1097 377 1135 Moles
407 1097 456 1134 ad
487 1095 644 1144 flagitia,
1077 1097 1182 1134 Talis
1215 1097 1400 1134 derivatio

202 1152 291 1199 Sed,
324 1153 412 1191 dum
443 1153 528 1190 unis
560 1153 665 1190 carni
696 1153 831 1205 Deum,
1022 1153 1108 1191 Non
1140 1159 1197 1190 est
1226 1157 1317 1191 nota
1348 1153 1543 1190 Prisciano

201 1210 335 1249 Carnis
367 1221 502 1257 aquam
533 1211 571 1248 in
600 1210 770 1257 Lyaeum
1023 1210 1102 1247 Nec
1129 1210 1282 1248 Maroni
1312 1211 1521 1247 Mantuano

259 1267 388 1306 Vertis
418 1267 563 1304 ventris
594 1267 746 1314 hydria.
1078 1267 1159 1304 Nec
1191 1267 1269 1304 vati
1299 1267 1488 1304 Maeonio.

83 1369 149 1409 52.
195 1368 292 1414 Ave,
327 1367 374 1405 de
405 1378 478 1414 qua
509 1367 591 1405 Deo
622 1371 771 1415 gratum
905 1370 971 1408 59,
1019 1369 1076 1405 Tu
1106 1368 1239 1405 mortis
1272 1378 1310 1405 es
1342 1367 1521 1415 ablativa,

193 1425 265 1462 Est
295 1424 481 1461 numisma
512 1422 753 1471 fabricatum,
1017 1426 1111 1472 Quia
1143 1426 1262 1472 prolis
1294 1425 1468 1472 genetiva

250 1482 330 1528 Quo
360 1481 522 1518 mundus
553 1482 766 1530 redimitur,
1075 1482 1164 1519 Sine
1196 1482 1308 1528 culpa
1339 1482 1503 1530 genitae,

194 1539 355 1576 Praeter
384 1548 527 1576 morem
557 1538 752 1585 usitatum,
1015 1539 1073 1576 Tu
1103 1537 1214 1576 fietus
1246 1549 1285 1575 es
1317 1538 1540 1584 abstersiva,

193 1595 279 1632 Non
295 1605 365 1642 per
377 1593 519 1641 follem,
539 1595 606 1632 sed
619 1605 688 1642 per
699 1594 829 1633 flatum
1016 1596 1285 1634 Restauratrix
1317 1600 1353 1632 et
1386 1594 1515 1632 dativa

250 1653 358 1690 Haec
387 1656 538 1689 moneta
569 1652 734 1691 cuditur.
1073 1652 1282 1690 Libertatis
1314 1652 1501 1699 perditae.

79 1755 145 1794 53.
191 1754 286 1804 Ave,
319 1763 390 1800 per
419 1764 531 1800 quam
562 1752 605 1790 fit
636 1754 827 1800 passivum
900 1755 965 1794 60.
1012 1755 1109 1801 Ave,
1143 1758 1265 1791 mater
1296 1758 1332 1790 et
1361 1754 1502 1802 puella,

193 1810 361 1849 Verbum
391 1810 500 1859 illud,
534 1811 634 1857 quod
662 1811 828 1849 activum
1014 1813 1117 1858 Quae
1149 1811 1319 1857 captivos
1351 1822 1373 1848 a
1406 1810 1544 1848 dicella

249 1867 348 1905 Erat
378 1867 426 1904 ab
457 1867 578 1911 initio,
1072 1867 1275 1905 Servitutis
1306 1867 1448 1905 liberas

192 1924 287 1975 Ave,
320 1934 391 1971 per
421 1934 532 1971 quam
564 1934 720 1971 serpens
748 1924 827 1973 ille,
1013 1927 1065 1964 Et
1095 1925 1134 1961 in
1163 1924 1259 1961 lucis
1291 1925 1444 1972 regione

192 1981 263 2027 Qui
304 1981 531 2018 maeandros
563 1982 683 2028 serpit
711 1981 827 2032 mille,
1014 1983 1202 2028 Superato
1233 1981 1431 2019 Pharaone

250 2037 415 2075 Tollitur
447 2038 494 2075 de
525 2038 664 2077 medio.
1072 2038 1228 2085 Superis
1261 2038 1467 2076 adlateraS.

79 2141 146 2178 54.
188 2140 285 2186 Ave,
317 2139 437 2187 virgo,
466 2143 589 2178 mater
619 2140 731 2187 alma,
902 2140 968 2181 61.
1014 2142 1110 2185 Ave,
1144 2150 1249 2177 cama
1279 2140 1367 2176 Iesu
1398 2138 1551 2188 Christi,

192 2197 297 2244 Quae
329 2196 497 2234 divinum
529 2207 569 2234 es
599 2198 760 2247 agalma,
1014 2198 1117 2243 Quae
1148 2197 1320 2233 mortalis
1352 2195 1553 2233 ostendisti

252 2252 416 2290 Nidulus
445 2258 482 2290 et
513 2264 676 2299 camera,
1072 2253 1193 2291 Nobis
1224 2252 1323 2290 vitae
1354 2252 1560 2302 speculum,

196 2309 311 2347 Cuius
343 2308 470 2346 fructu
501 2314 734 2359 vegetamur,
1015 2311 1117 2357 Quae
1148 2309 1280 2346 latoris
1312 2319 1351 2345 es
1382 2308 1527 2346 fiscella

196 2366 374 2413 Vegetati
404 2376 632 2403 veneramur
1017 2366 1148 2404 Novae
1179 2365 1273 2413 legis
1301 2370 1338 2402 et
1369 2366 1527 2414 cistella,

254 2423 415 2459 Viscera
447 2421 606 2460 deifera.
1073 2424 1215 2462 Currus
1247 2427 1284 2459 et
1315 2422 1539 2460 vehiculum.

79 2526 146 2564 55.
192 2526 289 2574 Ave,
323 2523 439 2572 digna
469 2524 590 2562 Deum
621 2522 735 2573 ferre,
900 2526 965 2564 62.
1012 2525 1070 2562 Tu
1100 2525 1274 2572 lechytus
1305 2535 1343 2562 es
1374 2525 1477 2573 olivi,

192 2581 308 2621 Cuius
338 2585 470 2618 sancta
501 2581 645 2618 caelum
676 2586 803 2619 terrae
1012 2582 1069 2619 Tu
1099 2582 1227 2620 vitalis
1256 2582 1317 2619 via
1346 2582 1429 2631 rivi,

251 2637 415 2676 Castitas
447 2638 713 2683 conterminat,
1068 2638 1142 2676 Dei
1173 2638 1425 2686 brevigerula,

193 2694 307 2732 Cuius
340 2705 405 2732 cor
433 2694 473 2732 in
505 2695 609 2732 caelo
639 2694 755 2732 fixum
1011 2695 1069 2732 Tu
1100 2696 1275 2732 columna
1306 2695 1540 2744 clinicorum,

192 2751 244 2789 Et
275 2751 415 2789 amoris
445 2751 531 2799 igne
563 2750 702 2788 frixum
1015 2753 1073 2790 Tu
1105 2752 1272 2789 celeuma
1300 2749 1572 2798 naufragorum

250 2810 376 2846 lesum
407 2819 558 2855 semper
588 2809 766 2847 ruminat.
1072 2809 1122 2846 Et
1153 2809 1321 2846 secunda
1352 2807 1495 2847 tabula.
