1785 3111
766 127 817 131 -
878 103 960 143 230
1019 127 1074 132 --

531 270 610 306 172.
649 271 707 312 (1.)
743 271 800 305 De
826 270 1017 306 Paschali
1041 270 1299 306 Festivitate.

674 340 1182 382 Sedulius.eomposuit.

286 434 320 470 1.
368 432 473 470 Haec
504 438 562 468 est
592 432 692 469 alma
725 432 817 479 dies,
850 436 1066 469 sanctarum
1098 436 1229 469 sancta
1262 432 1420 480 dierum,

425 489 534 525 Veris
567 489 727 536 pulcher
757 489 875 526 honos
907 487 1154 535 signiferique
1187 490 1313 528 decus,

367 546 441 582 Hic
471 550 527 582 est
559 556 719 592 namque
752 545 845 594 dies,
878 545 1061 582 Dominus
1093 556 1201 592 quem
1234 544 1325 582 fecit
1356 547 1473 597 Iesus,

423 603 465 639 In
498 613 570 648 quo
602 603 765 639 laetetur
796 603 979 639 cosmicus
1010 602 1114 639 orbis
1145 613 1274 641 ovans.

277 707 315 743 2.
370 705 548 743 Crinibus
581 705 680 741 hunc
710 705 830 741 niveis
863 715 995 741 croceo
1027 705 1186 742 vestitus
1218 705 1358 742 amictu

425 762 524 798 Solis
556 761 602 798 ab
636 766 771 798 exortu
802 760 950 807 lucifer,
983 772 1082 808 ecce,
1115 766 1255 808 stupet.

369 819 503 857 Clarus
535 823 571 855 et
603 819 770 855 occiduis
802 819 990 855 rutilascit
1023 819 1169 864 Vesper
1199 819 1237 855 in
1269 818 1369 855 horis

420 877 548 922 Atque
581 875 637 912 sui
669 875 821 912 Domini
854 876 977 912 noscit
1008 886 1135 912 amore
1167 876 1278 912 diem.

283 976 323 1017 3.
373 977 515 1014 Vernat
549 976 732 1023 stelligeri
765 977 994 1023 septemtrio
1027 977 1182 1014 cardine
1215 977 1309 1014 caeli

424 1034 531 1070 Haec
563 1033 779 1080 septenaria
810 1033 988 1080 lampade
1020 1032 1116 1070 festa
1149 1034 1289 1072 colens,

361 1090 530 1137 Aegypti
570 1090 747 1126 tenebras
781 1090 953 1136 dispellit
984 1090 1066 1126 luce
1098 1091 1273 1136 Canopus

418 1149 477 1184 Ac
508 1147 562 1183 sic
599 1146 770 1183 lucifluos
801 1147 949 1193 spargit
978 1147 1025 1184 ab
1057 1158 1122 1183 ore
1153 1147 1295 1194 globos,

279 1252 317 1289 4.
365 1251 497 1287 Aurea
529 1250 719 1287 sideream
751 1249 978 1286 transcurrit
1010 1249 1098 1286 luna
1130 1259 1198 1295 per
1229 1249 1411 1295 aethram,

422 1306 587 1344 Gestans
620 1306 893 1353 sceptrigerum
925 1316 1023 1342 nunc
1057 1306 1233 1342 diadema
1264 1317 1399 1343 novum

364 1364 529 1410 Ipsaque
561 1363 781 1399 celsithroni
813 1363 974 1400 miratur
1005 1373 1143 1400 cornua
1179 1362 1319 1400 Christi

418 1420 613 1465 Exaltata‚
646 1420 703 1456 sui
735 1420 920 1466 principis
951 1431 995 1457 ac
1028 1419 1181 1459 domini.

279 1525 314 1561 5.
363 1522 476 1558 Titan
506 1521 726 1568 gemmigeri
758 1525 927 1557 centrum
960 1521 1178 1558 conscendit
1211 1521 1374 1570 Olympi,

419 1578 572 1616 Ardens
604 1577 866 1615 flammivomis
899 1578 1047 1627 emicat,
1081 1588 1180 1627 ecce,
1214 1578 1319 1616 rotis.

364 1635 560 1671 Victorem
595 1635 761 1671 celebrat
794 1634 983 1671 Christum
1017 1638 1099 1671 rota
1130 1633 1277 1682 fulgida
1312 1635 1413 1684 solis,

416 1692 519 1728 Dum
554 1691 596 1728 fit
627 1696 737 1728 nocte
768 1691 892 1727 nitens
923 1691 1042 1728 maior
1072 1692 1109 1727 in
1141 1692 1233 1728 orbe
1265 1692 1357 1729 dies.

277 1795 312 1832 6.
362 1794 491 1830 Tellus
524 1792 719 1840 florigeras
747 1793 927 1839 turgescit
959 1794 1127 1840 germine
1157 1794 1293 1831 bulbas

423 1850 604 1887 Floribus
636 1855 671 1887 et
704 1851 845 1897 pictum
877 1850 1017 1897 gaudet
1048 1850 1188 1887 habere
1220 1850 1387 1897 peplum.

365 1906 476 1944 Nunc
510 1907 639 1944 variae
670 1907 842 1943 volucres
873 1907 1109 1953 permulcent
1142 1907 1296 1945 aethera
1330 1910 1452 1953 cantu,

422 1964 595 2000 Produnt
625 1964 816 2010 organulis
850 1964 949 2001 celsa
980 1970 1138 2010 tropaea
1168 1964 1286 2003 novis,

278 2068 313 2103 7.
364 2065 569 2103 Exsultant
602 2066 708 2110 caeli,
742 2065 906 2102 laetatur
937 2069 1083 2102 terreus
1115 2065 1229 2115 orbis,

421 2123 532 2159 “Nunc
563 2122 732 2159 Alleluia
765 2123 1068 2170 centuplicatque
1100 2126 1221 2160 tonos

361 2179 471 2215 Nunc
503 2179 639 2215 chorus
672 2179 855 2215 ecclesiae
886 2179 1107 2226 hymnizans
1139 2179 1288 2215 cantica
1319 2178 1409 2215 Sion

414 2235 477 2272 Ad
509 2236 603 2272 caeli
634 2246 791 2282 superos
822 2235 921 2272 tollit
949 2235 1130 2272 Hosanna
1161 2235 1280 2281 polos.

219 2335 299 2366 Cod.
326 2336 486 2367 Vatican.
514 2336 664 2367 l'alatin.
692 2334 767 2367 591.
797 2346 886 2368 saec.
916 2334 966 2367 15.
992 2353 1034 2357 —-
1064 2334 1101 2374 3,
1136 2333 1156 2367 3
1183 2336 1355 2377 Canopos.
1382 2353 1423 2356 —
1451 2333 1489 2371 6,
1521 2332 1537 2365 1
1565 2334 1690 2366 bullas.

124 2397 168 2401 ——
188 2381 378 2419 Diimniler7
400 2381 532 2413 &edulii
553 2383 718 2413 Carmina
735 2392 767 2422 p.
786 2379 829 2413 27
848 2392 916 2423 sq.;
937 2382 1085 2422 Traube,
1104 2382 1234 2413 Poetae
1252 2382 1338 2413 Aevi
1358 2381 1511 2413 Uarolini
1531 2380 1594 2418 III⁷
1616 2377 1692 2410 218.

549 2548 629 2584 173.
667 2550 724 2591 (2.)
759 2549 867 2583 Idem
894 2548 1047 2584 Contra
1072 2549 1255 2591 Plagam.

388 2655 424 2692 1.
474 2654 613 2691 Libera
645 2654 793 2701 plebem
826 2654 895 2692 tibi
927 2655 1167 2704 servientem,

476 2712 537 2748 Ira
568 2712 741 2748 mitescat
773 2716 847 2761 tua,
879 2716 1008 2748 sancte
1039 2716 1176 2758 rector,

472 2768 667 2805 Lacrimas
699 2768 863 2804 clemens
894 2768 1128 2814 gemitusque
1159 2778 1306 2803 amaros

670 2824 843 2871 Respice,
878 2825 1039 2864 Christe.
