1785 3111
777 57 1082 98 —340—

149 175 416 215 Lintpurgensis
451 172 629 213 (Hymnol.
663 173 824 212 Beitri‘ige
849 170 877 207 Ι)
902 171 1048 212 Leipzig
1076 167 1171 208 1897,
1198 180 1260 201 aus
1286 169 1434 201 welcher
1457 168 1709 211 Monographie

150 222 197 251 im
223 219 407 260 folgenden
434 216 660 249 Gottschalks
686 217 889 257 Sequenzen
916 216 1164 247 iibernommen
1189 215 1275 246 sind.
1323 215 1382 246 Ich
1409 215 1498 246 habe
1523 214 1710 245 denselben

150 276 215 296 nur
247 266 322 295 eine
356 265 494 294 weitere
526 262 599 298 (Nr.
636 260 688 295 19)
720 261 962 302 hinzugefiigt,
997 271 1042 292 an
1075 261 1134 292 der
1168 261 1225 292 ich
1257 260 1478 302 untriigliche
1514 259 1709 291 Anzeichen

153 308 476 342 Gottschalkischer
500 310 563 339 Art
587 307 877 339 wahrzunehmen
902 306 1055 347 glaubte.

155 1107 227 1143 3a.

158 1367 229 1403 4a.

160 1900 230 1936 ssa.

163 2224 232 2261 7a.

165 2551 236 2590 Sa.

623 609 705 646 264.
742 611 800 652 (1.)
835 610 892 645 De
919 611 1062 645 sancta
1088 609 1228 645 Cruce.

617 695 653 731 1.
694 694 729 730 A
760 694 850 730 solis
881 697 966 730 ortu

694 754 731 786 et
761 761 912 796 occasu,

694 807 741 844 ab
773 807 949 853 aquilone
980 812 1016 842 et
1047 807 1154 854 mari,

699 864 859 911 Christe,
891 863 973 901 laus
1005 863 1053 899 sit
1083 863 1167 910 tibi,

219 987 226 995 .
269 958 454 1001 Quattuor
484 966 552 1002 per
584 955 705 992 crucis
737 966 876 992 cornua
972 954 1045 992 2b.

268 1014 353 1050 viva
384 1012 488 1059 pacis
521 1012 656 1057 hostia,

272 1103 356 1140 Non
388 1107 514 1139 tamen
546 1102 584 1138 in
612 1101 712 1138 omni
739 1101 899 1149 homine,
973 1100 1047 1139 3b.

267 1161 333 1196 sed
366 1160 403 1196 in
434 1159 495 1195 his
525 1162 683 1203 tantum,
717 1157 779 1204 qui
810 1162 847 1194 te

268 1217 428 1253 credunt
460 1220 497 1252 et
528 1214 698 1252 fatentur

268 1274 388 1310 solum
420 1273 553 1317 Deum,

273 1363 426 1402 Peccati
459 1363 624 1400 destruis
657 1373 792 1409 corpus
973 1361 1045 1400 4b.

271 1421 334 1467 qui
365 1420 482 1469 Deus,

271 1478 348 1514 suis
380 1481 560 1523 quattuor

272 1534 445 1581 partibus
477 1533 578 1580 quod
612 1532 822 1569 construxit

273 1591 458 1628 diabolus.

226 1711 235 1720 .
277 1680 488 1728 Suggestio,
522 1680 738 1723 delactatio‚
977 1679 1050 1718 5b.

274 1747 490 1779 consensus,
524 1737 754 1773 consuetudo

272 1794 374 1842 mali,
407 1793 542 1840 quibus
574 1793 674 1839 perit
705 1793 828 1831 homo,

272 1896 344 1933 His
376 1895 483 1931 malis
515 1894 704 1941 captivam
976 1895 1048 1933 6b.

272 1952 492 1990 Sunanitem
523 1951 684 1988 animam

276 2010 436 2046 ecclesia

272 2070 426 2103 revocat
456 2065 504 2102 ad
537 2069 574 2100 te

275 2126 409 2169 quater
440 2122 569 2158 dicens
601 2121 655 2158 ei:

274 2223 386 2259 Hunc
417 2228 518 2259 artos
551 2227 587 2259 et
619 2222 733 2273 dysis,
979 2223 1049 2261 7b.

276 2280 438 2328 anatole,
471 2280 582 2316 mesis
613 2283 757 2327 notant,

275 2347 349 2382 qua
378 2336 455 2372 suis
487 2337 525 2372 in
555 2336 688 2382 primis

274 2394 399 2429 Adam
430 2393 552 2428 literis

278 2449 429 2497 signant
459 2449 622 2487 nomine.

277 2550 374 2587 Nam
406 2550 466 2587 via
499 2550 619 2587 crucis
978 2550 1052 2591 8b.

277 2617 370 2653 quos
403 2606 451 2643 ad
482 2611 520 2643 te
550 2618 623 2644 non
654 2607 787 2657 trahis,

274 2664 313 2700 in
343 2663 558 2710 quadrifida

275 2731 463 2765 nunquam

279 2778 373 2813 lucis
405 2775 621 2823 gaudebunt
650 2776 786 2822 patria.

1087 954 1272 999 Quattuor
1302 964 1371 1000 per
1401 953 1531 990 mundi
1563 953 1717 990 climata

1083 1021 1261 1057 rumpens
1292 1010 1424 1048 mortis
1455 1010 1618 1060 vincula,

1088 1101 1202 1147 Quem
1237 1100 1402 1137 clamant
1433 1099 1627 1146 evangelia

1085 1161 1262 1204 quattuor
1292 1157 1412 1194 Deum
1446 1157 1596 1193 missum

1085 1225 1106 1250 a
1138 1218 1258 1260 patre.
1291 1214 1492 1250 Dominum

1084 1271 1206 1307 Iesum
1237 1271 1439 1309 Christum.

1090 1362 1193 1407 Quae
1224 1366 1310 1398 sunt
1341 1361 1456 1408 aspis,
1489 1361 1686 1398 basiliscus

1087 1422 1124 1454 et
1154 1418 1213 1454 leo

1086 1475 1195 1511 simul
1228 1478 1265 1510 et
1297 1474 1424 1521 draco,

1086 1532 1361 1578 quatriduanae
1392 1530 1524 1567 mortis

1088 1588 1285 1625 vocabula.

1090 1679 1275 1725 Quattuor
1291 1689 1387 1725 quae
1405 1678 1526 1715 crucis
1540 1677 1716 1715 cornibus

1090 1734 1259 1781 adfigens
1291 1734 1495 1771 mortificas

1090 1797 1177 1829 tuae
1209 1792 1333 1829 carnis
1364 1791 1593 1828 vulneribus.

1091 1895 1311 1939 Revertere,
1344 1898 1549 1938 revertere,

1093 1955 1298 1996 revertere,

1089 2012 1281 2046 revertere

1090 2065 1280 2114 despecta,
1315 2064 1437 2100 crucis

1089 2126 1226 2159 notans
1257 2121 1570 2167 quadrangulum.

1090 2224 1207 2269 Quem
1239 2222 1522 2259 disseminatum

1091 2279 1149 2316 his
1181 2284 1359 2326 quattuor
1389 2279 1509 2325 plagis
1540 2282 1664 2316 terrac

1088 2336 1165 2372 suis
1194 2337 1232 2372 in
1262 2335 1351 2372 filiis

1090 2392 1140 2430 ad
1170 2396 1207 2429 te
1238 2402 1406 2434 revocas,

1090 2449 1186 2486 bone
1218 2447 1393 2486 crucifer.

1094 2551 1137 2587 In
1170 2560 1281 2587 cruce
1311 2549 1434 2596 iungis

1090 2607 1200 2643 simul
1231 2606 1411 2643 caelestia

1091 2667 1129 2700 et
1158 2663 1367 2708 terrestria,

1091 2730 1160 2768 per
1189 2724 1293 2756 tuum

1091 2776 1308 2823 sanguinem
1342 2780 1477 2812 cuncta
1501 2774 1717 2823 pacificans.
