1785 3111
809 103 1110 143 —458—

200 217 250 250 13.
290 217 504 249 Delictoruln
531 217 749 248 funestorum
1022 212 1074 246 17.
1110 215 1239 247 Plenus
1264 216 1365 247 vanis
1390 225 1430 247 ac
1455 217 1609 258 profanis

334 264 375 294 In
402 262 608 302 profundum
634 263 761 300 corrui,
1156 261 1447 303 Cogitationibus‚

290 309 416 339 Virens
442 308 532 339 male
557 307 738 338 criminale
1108 306 1198 338 Dolo
1225 307 1337 348 plenis
1364 310 1397 338 et
1422 307 1603 338 obscaenis

335 354 402 384 Vix
429 353 619 395 quidquam
647 352 825 383 abhorrui.
929 354 932 358 ’
1156 351 1271 383 Effluo
1298 353 1525 384 sermonibus.

201 430 252 463 14.
292 431 375 463 Sum
402 433 560 473 periurus
589 441 652 462 nec
678 441 751 462 sum
779 441 884 472 purus
1020 427 1071 462 18.
1109 430 1168 462 Sic
1194 431 1363 463 malorum
1389 431 1449 472 qui
1477 434 1651 463 tantorum

332 477 362 508 A
388 481 485 508 reatu
513 477 706 518 sanguinis,
1154 476 1248 508 Mole
1274 487 1412 518 pressus
1439 478 1546 517 iaceo,

288 522 471 554 Involutus
498 525 531 554 et
556 522 710 563 pollutus
1110 522 1224 552 Huius
1251 523 1300 552 rei
1326 531 1432 553 eausa
1457 522 1523 553 Dei

335 568 481 599 Foetore
508 567 677 598 libidinis.
1156 567 1292 598 Nomen
1317 571 1475 599 sanctum
1501 570 1609 599 taceo.

200 645 250 678 15.
288 647 371 679 Sum
398 647 573 688 profanus,
605 645 763 684 mendax,
795 656 912 685 varum,
1019 644 1069 677 19.
1106 646 1174 677 Pro
1202 647 1352 687 peccatis
1378 646 1586 688 perpetratis

332 692 414 724 Sum
442 696 545 723 tenax
571 695 605 723 et
630 691 800 732 stupidus,
1153 691 1382 723 Vehementer
1406 691 1506 723 doleo

289 736 372 769 Sum
398 737 539 768 dolosus
567 740 599 768 et
623 736 778 779 gulosus,
1108 736 1154 768 Et
1179 737 1223 768 ad
1248 738 1359 768 Deum
1385 737 1520 769 vultum
1546 748 1659 769 meum

337 783 523 814 Detractor
548 786 582 814 et
608 782 758 813 invidus.
1154 784 1287 814 Levare
1311 793 1380 813 non
1406 782 1528 814 audeo.

200 861 251 893 16.
279 860 361 893 Sum
389 862 558 903 superbus
584 864 618 893 et
644 861 803 899 acerbus,
1020 859 1074 894 20.
1109 862 1222 893 Mater
1247 861 1326 899 Dei,
1349 861 1463 892 cordis
1488 863 1555 893 mei

337 906 466 938 Carens
493 908 676 948 patientia,
1156 906 1321 938 Dolorem
1348 906 1542 946 considera,

267 954 375 992 Quasi
402 953 543 984 demens
570 953 621 983 ira
646 953 808 992 fremens,
1107 953 1232 984 Preces
1258 962 1363 989 meas
1391 962 1531 992 quaeso,
1556 952 1663 984 vehas

337 998 488 1029 Pacatus
514 998 556 1029 ad
583 998 681 1029 vitia.
1154 998 1207 1028 Ad
1234 1001 1408 1039 regentem
1433 997 1558 1029 sidera.

658 1085 710 1119 21.
749 1088 778 1119 O
805 1086 966 1130 benigna,
992 1088 1094 1120 laude
1122 1088 1227 1130 digna

793 1133 957 1165 Gloriosa
981 1133 1132 1171 domina,

749 1180 845 1218 Quae
871 1178 992 1210 divina
1017 1179 1190 1210 medicina

792 1224 913 1255 Mundi
941 1234 1067 1266 purgas
1092 1225 1251 1255 crimina.

176 1315 328 1346 Hierauf
350 1315 464 1356 folgen
490 1314 686 1364 Rhytlnnus
712 1316 773 1354 lx,
806 1312 955 1353 143-27,
981 1315 1073 1346 (laun

200 1392 252 1425 22.
292 1394 369 1431 Illa,
397 1396 549 1435 inquam,
576 1405 617 1425 ne
643 1395 844 1436 delinquam
1018 1393 1071 1426 24.
1107 1395 1156 1426 Te
1182 1394 1325 1432 honoro,
1352 1397 1385 1425 te
1411 1394 1528 1432 adoro,

331 1441 388 1471 Me
413 1444 595 1471 conservet
618 1441 743 1482 gratia,
1154 1441 1276 1477 Mater,
1302 1440 1400 1471 flexis
1418 1440 1574 1481 genibus,

289 1486 365 1524 Qua
393 1485 540 1526 replevit
565 1489 609 1524 te,
634 1487 693 1527 qui
719 1486 816 1517 flevit
1107 1485 1159 1516 Tu
1186 1489 1388 1516 cunctorum
1418 1485 1622 1516 delictorum

333 1532 429 1562 Inter
457 1535 517 1562 tua
542 1531 696 1562 brachia.
1150 1531 1303 1562 Absolve
1329 1541 1382 1562 me
1407 1530 1565 1562 nexibus.

198 1606 251 1639 23.
292 1609 405 1640 Mater
430 1614 537 1649 casta,
564 1620 698 1650 semper
723 1614 810 1648 asta,
1015 1608 1068 1641 25.
1105 1611 1174 1641 Mei
1201 1611 1310 1651 patris
1337 1613 1441 1650 atque
1466 1610 1587 1641 matris

322 1655 450 1687 *David
477 1656 591 1696 proles
618 1656 749 1688 inclita.
1153 1656 1359 1693 Memorare,
1386 1655 1536 1693 domina,

290 1699 355 1730 Pia
381 1711 481 1741 prece
508 1712 561 1732 me
586 1701 627 1732 de
653 1702 747 1732 faece
1106 1702 1181 1732 Hos
1210 1711 1379 1732 conserva
1404 1703 1437 1732 et
1461 1710 1588 1731 enerva

337 1745 510 1776 Vitiorum
538 1748 678 1779 suscita.
1156 1746 1287 1777 Eorum
1313 1746 1526 1787 peccamina.

177 1836 279 1866 Dann
307 1835 502 1876 Rhythmus
530 1837 614 1868 VIII
641 1839 708 1869 Str.
733 1835 788 1876 45,
815 1838 950 1869 worauf
971 1838 1105 1869 weiter:

199 1911 251 1946 26.
293 1914 401 1946 Serva
427 1919 572 1946 cunctos
599 1916 683 1947 mihi
710 1917 846 1947 iunctos
1017 1913 1071 1947 28.
1110 1916 1204 1957 Rege
1229 1916 1370 1954 clerum,
1396 1926 1484 1957 auge
1510 1926 1639 1954 verum,

337 1960 473 1991 Amoris
500 1961 642 1998 solacio,
1155 1963 1319 1993 Rectores
1346 1961 1515 1993 ecclesiae

290 2005 417 2037 Orbem
442 2008 552 2037 totum
578 2006 631 2037 fac
655 2006 817 2038 devotum
1108 2008 1176 2038 Fac
1204 2007 1386 2044 ferventes,
1413 2017 1482 2038 non
1507 2008 1664 2046 tepentes

335 2051 375 2081 In
400 2055 459 2082 tuo
485 2052 640 2083 servitio.
1151 2053 1191 2083 In
1217 2052 1291 2083 zelo
1318 2052 1485 2083 iustitiae.

199 2126 253 2161 27.
290 2130 455 2161 Nostrum
481 2141 605 2172 regem,
634 2132 760 2162 iustam
787 2130 897 2172 legem
1015 2129 1068 2163 29.
1106 2131 1192 2162 Tam
1220 2131 1381 2163 absentes
1410 2141 1513 2172 quam
1540 2132 1738 2172 praesentes

337 2176 416 2213 Fac,
445 2185 585 2216 quaeso,
612 2186 817 2217 componere
1152 2177 1289 2207 Fratres
1316 2179 1450 2207 nostres
1475 2176 1591 2207 refove

290 2220 336 2252 Et
361 2225 439 2261 post
464 2225 607 2253 mortem
634 2222 686 2252 fac
711 2225 904 2253 consortem
1107 2221 1154 2253 Et
1179 2222 1221 2253 ab
1249 2221 1330 2259 illis,
1358 2221 1527 2262 quidquid
1554 2221 1625 2252 illis

340 2266 486 2308 Requiei
514 2277 669 2308 superae.
1150 2267 1215 2298 Est
1238 2267 1411 2304 nocivum,
1438 2276 1587 2297 remove.

653 2343 705 2377 230.
743 2346 841 2387 Auge
866 2346 1007 2384 fructus,
1035 2346 1124 2387 pelle
1150 2346 1273 2384 luctus,

794 2391 937 2422 Fluctus
964 2392 1048 2423 tolle
1073 2393 1197 2423 noxios

745 2436 791 2468 Et
818 2437 977 2468 imbelles
1004 2440 1037 2468 et
1062 2437 1208 2468 rebelles

790 2482 870 2514 Tibi
895 2481 949 2513 fac
974 2482 1154 2513 obnoxios.

182 2571 285 2601 Danu
310 2570 426 2611 folgen
452 2570 512 2602 ‹ler
536 2571 644 2602 Reihe
671 2572 758 2602 nach
784 2573 852 2603 XII
881 2572 948 2603 Str.
979 2570 1036 2611 17,
1066 2570 1124 2609 18,
1159 2570 1208 2610 14,
1238 2571 1288 2611 15,
1317 2570 1374 2607 16;
1401 2572 1474 2609 XV,
1505 2569 1539 2610 13
1566 2571 1660 2608 XIV,
1688 2567 1738 2609 19,

182 2612 242 2656 203
269 2615 349 2653 XII,
376 2613 427 2646 23.
481 2616 553 2646 Vor
578 2616 737 2648 letzterer
763 2617 911 2658 Strophe
937 2618 1020 2648 aber
1050 2617 1154 2648 noch:

585 2692 637 2727 31.
676 2695 743 2726 Pro
769 2696 941 2727 defunctis
967 2697 1078 2727 Deum
1104 2696 1238 2727 cunctis

717 2740 835 2772 Exora
861 2740 1031 2780 fidelibus,

675 2786 721 2817 Ut
745 2787 935 2827 gaudentes
962 2790 1179 2827 resurgentes

722 2831 943 2863 Perfruamur
967 2833 1091 2870 gloria.
