1785 3111
282 1872 301 1909 κῚ

694 52 1005 93 —145—

355 167 439 204 Sint
469 176 619 213 semper
649 166 760 203 istam
791 178 908 214 supra
942 167 1106 216 domum,
1140 168 1316 215 Domine,

353 224 425 261 Tui
454 223 592 270 aperti,
627 223 890 271 deprecamur,
923 225 1037 274 oculi,

356 281 555 326 Auresque
583 285 671 317 tuae
702 281 777 317 51111
808 281 977 318 intentae
1008 282 1148 328 iugiter

353 337 463 374 Diem
494 347 565 383 per
594 347 742 374 omnem
773 338 895 374 noctis
927 343 964 374 et
995 339 1033 375 in
1065 343 1253 386 tempore,

353 394 510 441 Tuoque
540 404 691 440 semper
721 405 787 431 ore
817 394 1047 434 benedicito.

355 507 413 544 Sit
443 507 662 556 angelorum
694 507 756 544 hic
787 508 865 545 alta
897 506 1124 556 frequentia,

356 564 575 601 Descendat
605 565 726 601 omnis
758 565 830 601 huc
862 565 1037 602 caelestis
1069 566 1204 613 gratia,

357 620 503 658 Diffusa
534 626 664 657 sancto
696 622 880 668 largiente
912 622 1063 671 spiritu,

357 678 473 715 Vultu
504 688 639 714 sereno
671 684 799 715 sancta
834 689 984 724 semper
1014 679 1167 716 trinitas

357 735 425 772 Pio
458 733 590 772 favore
623 735 801 782 dignetur
831 736 1035 782 inspicere.

359 847 489 884 Nubes
519 852 681 895 sacrata,
714 859 810 894 quae
841 850 1013 895 pendens
1044 849 1215 886 incubuit

357 904 440 941 Deo
471 903 625 941 iubente
657 915 773 951 supra
804 905 1043 942 tabernaculi

325 968 327 971 '
359 962 529 1006 Tectum,
563 961 695 998 beatus
727 962 829 1008 quod
860 963 1014 1009 Moyses
1046 963 1085 999 in
1117 973 1243 1000 eremo

357 1018 475 1063 Fixit,
509 1029 722 1068 precamur,
754 1019 864 1055 huius
896 1021 1006 1057 aulae
1037 1020 1187 1056 moenia

358 1074 514 1112 Adfiata
544 1080 676 1113 sancto
706 1074 916 1122 perfundat
946 1077 1164 1124 spiramine.

305 1218 314 1227 .
360 1190 536 1238 Famosa,
569 1188 710 1225 dudum
742 1199 839 1235 quae
870 1190 1034 1236 replevit
1065 1190 1165 1227 atria

362 1245 513 1292 Templi
546 1245 676 1293 dicati,
708 1246 848 1283 nebula
881 1247 1085 1293 perlucida

361 1303 505 1341 Orante
535 1313 631 1348 puro
663 1303 865 1339 Salomone
896 1310 1065 1352 pectore,

362 1360 473 1397 Hanc
504 1360 631 1406 missa,
665 1360 828 1405 Christe,
863 1362 958 1398 caeli
992 1361 1038 1398 de
1070 1362 1265 1398 cacumine

361 1417 524 1454 Domum
554 1414 734 1453 fecundet
767 1418 999 1464 sempiterno
1031 1429 1198 1457 munere.

357 1530 577 1577 Quicunque
607 1534 713 1567 tuum
744 1535 917 1567 sanctum
949 1542 1086 1568 nomen
1119 1533 1285 1579 supplici

361 1587 552 1633 Plenoque
584 1587 699 1624 corde
730 1592 983 1634 precatusque
1016 1587 1133 1625 fuerit

360 1643 483 1681 Huius
509 1644 549 1680 in
579 1644 686 1681 aedis
719 1649 850 1681 5311010
884 1645 1089 1689 (10111101110,

360 1701 414 1737 Te
445 1701 632 1747 largiente
664 1702 713 1738 sit
743 1702 842 1738 liber
873 1713 895 1738 a
926 1702 1106 1749 crimine3

362 1757 539 1794 Exclude
569 1762 729 1808 pestem,
763 1758 915 1796 morbos
946 1770 1076 1796 omnes
1109 1761 1225 1801 dilue,

309 1901 317 1910 .
365 1871 446 1908 Tuo
477 1876 627 1908 sacrato
659 1872 720 1908 hic
753 1872 903 1919 depasti
936 1883 1095 1919 corpore

364 1929 521 1975 Tuoque
554 1933 685 1966 sancto
716 1930 846 1966 satiati
877 1930 1073 1981 sanguine,

368 1985 426 2022 Ab
458 1985 567 2023 hoste
597 1990 661 2023 tuo
695 1985 843 2024 defensi
877 1987 1083 2024 munimine

365 2042 475 2079 Laeti
504 2041 638 2079 fideles
669 2044 878 2080 sortiantur
908 2044 1050 2081 servuli

367 2099 478 2136 Vitae
508 2100 688 2146 perennis
719 2100 800 2137 sine
831 2100 905 2137 fine
935 2101 1088 2148 gaudia.

367 2212 507 2249 Rerum
540 2217 700 2260 creator,
732 2215 830 2264 Iesu,
864 2215 985 2261 patris
1016 2215 1139 2261 unice,

366 2269 553 2306 Mundum
586 2280 719 2306 cruore
750 2271 874 2308 salvas
907 2272 970 2318 qui
1001 2281 1208 2318 purpureo,

369 2327 532 2364 Peccata
562 2327 666 2364 tollis
698 2328 800 2364 solus
833 2328 896 2374 qui
926 2327 1124 2375 pestifera,

368 2383 537 2429 Dignare
568 2388 652 2420 tuos
684 2395 840 2421 munere
871 2385 1038 2432 gratuito

366 2440 429 2476 Ad
460 2445 565 2477 astra
597 2441 693 2478 caeli
723 2441 876 2478 mittere
908 2442 1104 2481 ruricolaS.

369 2553 426 2590 Sit
456 2564 607 2601 semper
635 2555 714 2591 alta
744 2555 827 2592 Deo
858 2555 960 2601 patri
992 2555 1126 2603 gloria,

367 2610 498 2648 Omnis
527 2616 698 2657 potestas
731 2612 780 2647 sit
813 2612 952 2648 dilecto
984 2612 1062 2649 filio

370 2668 585 2714 Sanctoque
616 2679 767 2714 semper
799 2669 921 2715 gloria
953 2670 1155 2715 paraclito,

368 2724 502 2760 Honor
533 2729 569 2761 et
602 2726 734 2774 virtus,
767 2725 862 2773 laus,
898 2726 1025 2772 decus,
1058 2727 1261 2773 imperium

368 2780 419 2817 Et
450 2787 550 2817 nunc
581 2786 619 2817 et
647 2782 750 2818 ultra
781 2782 830 2818 sit
861 2793 931 2828 per
958 2787 1093 2820 cuncta
1124 2784 1288 2822 saecula.

148 2847 273 2874 Dreve
283 2856 311 2879 s,
333 2848 540 2876 Lateinische
560 2850 854 2884 Hymnendiehter.
895 2850 939 2877 11.

1405 2846 1446 2880 10
