1785 3111
361 194 396 232 2.

357 466 394 504 3.

322 2366 387 2405 10.

314 2633 378 2670 11.

735 82 1047 123 —455—

431 194 537 233 Caeli
567 195 712 243 regina,
745 206 815 243 per
845 207 957 244 quam
987 198 1177 236 medicina

430 250 553 288 Datur
583 252 764 301 aegrotis,
797 253 919 300 gratia
951 253 1111 303 devotis,

434 307 624 346 Gaudium
656 310 823 355 maestis,
858 311 998 348 mundo
1029 311 1094 349 lux
1127 312 1302 350 caelestis

597 366 769 413 Spesque
801 367 946 405 salutis.

424 466 525 504 Aula
555 468 709 517 regalis,
740 469 847 516 virgo
878 470 1070 517 specialis,

426 523 546 560 Posce
576 525 763 562 medelam
796 525 904 563 nobis
937 531 972 563 et
1003 526 1177 573 tutelam,

431 579 588 627 Suscipe
623 586 710 619 vota
742 582 994 630 precibusque
1026 588 1161 622 cuncta

598 638 703 675 Pelle
734 639 907 679 molesta.

389 765 399 776 .
432 738 622 776 Virtutum
653 739 770 790 chori,
806 752 950 778 summo
981 742 1044 788 qui
1074 743 1213 779 rectori

430 794 588 842 Semper
619 797 753 834 astatis
784 802 897 844 atque
926 797 1109 848 iubilatis,

430 851 520 890 Ovis
552 858 720 890 remotae
750 864 936 891 memores
967 858 1088 892 estote

594 909 750 956 Nosque
781 911 920 949 iuvate.

384 1041 392 1050 .
427 1011 569 1048 Felicis
604 1012 695 1049 estis
727 1013 876 1059 patriae
909 1013 1082 1051 caelestis

426 1066 549 1118 Cives,
584 1073 803 1106 cunctorum
837 1070 953 1107 nescii
984 1071 1182 1119 malorum,

425 1125 529 1171 Quae
566 1136 634 1162 nos
666 1124 850 1163 infestant
882 1127 1133 1175 miseramque
1163 1133 1359 1175 praestant

594 1182 775 1229 Undique
806 1184 936 1222 vitam.

386 1312 394 1322 .
427 1283 540 1321 Unde
571 1295 746 1331 rogamus
777 1290 889 1332 atque
920 1286 1193 1337 supplicamus,

427 1341 479 1380 Ut
512 1338 672 1378 foveatis
704 1346 817 1389 atque
847 1343 1025 1380 muniatis

426 1398 583 1434 Vestros
617 1408 831 1444 conservos,
864 1410 1021 1446 quorum
1053 1410 1120 1438 rex
1154 1412 1268 1450 super
1299 1413 1363 1440 vos

595 1454 689 1492 Cum
718 1461 828 1501 patre
859 1460 1004 1503 regnat.

380 1584 388 1592 .
421 1555 732 1594 Patriarcharum
765 1562 878 1604 atque
909 1559 1185 1609 prophetarum

423 1612 578 1650 Pollens
614 1618 768 1651 senatus
801 1614 920 1652 diluat
953 1621 1095 1663 reatus,

403 1667 565 1707 'Sedens
597 1669 637 1707 in
670 1670 829 1715 thronis,
862 1672 1029 1709 renitens
1061 1674 1223 1721 coronis,

589 1727 770 1764 Vestibus
802 1727 913 1767 albis,

381 1856 389 1865 .
421 1827 525 1865 Ordo
561 1832 777 1865 sanctorum
809 1840 876 1866 nos
906 1830 1162 1877 apostolorum

416 1885 538 1932 Regat
571 1885 756 1931 docendo,
791 1884 918 1924 foveat
948 1888 1127 1935 regendo,

416 1941 522 1979 Votis
552 1940 765 1992 intendant,
797 1943 988 1990 supplices
1021 1943 1244 1994 defendant,

583 1999 745 2036 Vincula
776 1999 937 2039 solvant.

416 2099 528 2137 Pacis
559 2105 800 2147 augmentum
832 2106 964 2148 poscat
996 2103 1236 2140 innocentum

415 2155 519 2193 Grex
551 2157 791 2206 candidatus,
827 2169 919 2205 quos
956 2169 1023 2196 rex
1055 2159 1301 2206 perturbatus

413 2212 530 2250 Iussit
561 2214 703 2259 necari,
736 2220 906 2252 metuens
937 2215 1084 2263 privari

584 2270 755 2308 Culmine
786 2271 905 2318 regni.

420 2366 748 2418 Triumphatores,
781 2368 911 2406 mundi
942 2369 1005 2416 qui
1037 2373 1203 2407 rectores

417 2422 515 2461 Fide
547 2423 733 2472 vicerunt,
765 2424 925 2471 gloriam
956 2431 1195 2473 spreverunt,

415 2479 536 2517 Nobis
568 2490 721 2517 suorum
753 2486 949 2528 praestent
980 2483 1257 2530 triumphorum

583 2536 733 2575 Gaudia
765 2547 904 2577 secum.

411 2633 600 2679 Impetret
632 2637 758 2670 votum
791 2633 927 2672 chorus
959 2637 1198 2675 sacerdotum

418 2689 576 2726 Necnon
609 2693 830 2727 cunctorum
863 2696 989 2729 coetus
1022 2692 1293 2732 confessorum.

417 2745 556 2784 Omnes
590 2747 652 2793 qui
683 2752 831 2793 gratum
861 2747 943 2785 Deo
975 2747 1193 2788 famulatum

579 2803 860 2842 Exhibuerunt.
