1785 3111
685 100 993 140 -445—

96 217 133 255 9.
167 215 252 253 Non
274 218 331 252 est
351 215 488 251 iustum
509 220 583 251 tam
602 219 800 252 venustum

222 272 326 319 Opus
358 277 395 308 et
426 271 636 318 piissimum

166 328 365 377 Oblivisci,
397 327 497 374 quod
528 328 675 365 addisci

224 385 409 423 Convenit
441 385 691 432 potissimum.

71 490 136 528 10.
169 489 287 525 Immo
320 497 407 524 vere
437 486 508 523 hoc
538 487 652 524 silere

226 544 408 590 Magnum
441 547 498 580 est
528 544 751 590 periculum,

168 602 248 649 Quo
279 600 436 647 purgari
468 605 503 636 et
536 600 677 637 salvari

229 657 390 695 Constat
420 667 530 694 omne
561 657 765 695 saeculum.

69 761 133 798 11.
168 758 451 798 Praedicandus
480 762 515 796 et
547 758 761 796 laudandus

226 816 296 853 Tui
328 813 474 853 fructus
504 815 614 864 uteri,

169 873 249 910 'rua
277 876 384 920 gesta
410 870 614 909 manifesta

225 929 375 966 Debent
407 928 550 966 cunctis
582 927 677 967 fieri.

70 1035 135 1072 12.
175 1030 367 1071 Gabrielis
398 1034 456 1067 est
487 1030 534 1067 de
565 1030 680 1067 caelis

72 1085 78 1090 '
225 1088 288 1126 Ad
320 1091 358 1124 te
389 1086 530 1124 factum
562 1087 747 1135 nuntium,

170 1145 277 1193 Quod
296 1144 523 1191 completum
537 1144 633 1181 hosti
648 1148 800 1191 metum,

226 1201 346 1239 Nobis
379 1201 445 1239 dat
475 1201 723 1249 praesidium.

67 1307 138 1344 13.
171 1305 205 1342 A
238 1304 437 1351 praeclara
465 1304 600 1340 missus
631 1303 718 1341 aula.

225 1360 460 1408 sublimique
489 1360 582 1397 solio

167 1418 260 1455 Fert
290 1421 451 1462 secreta,
485 1427 580 1464 quae
611 1417 758 1465 repleta

224 1474 319 1512 Sunt
349 1474 507 1522 perenni
538 1473 689 1521 gaudio.

68 1578 132 1616 14.
165 1577 228 1614 Sic
258 1577 404 1624 legatus
437 1575 648 1613 destinatus

222 1633 279 1672 Ob
311 1633 457 1680 regales
488 1632 640 1679 nuptias

171 1690 270 1728 Petit
302 1694 439 1736 terras,
471 1693 509 1725 ut
543 1699 727 1736 supernas

223 1746 374 1784 Pandat
406 1745 606 1785 amicitias.

66 1850 130 1891 15.
162 1849 225 1887 Ad
256 1854 428 1886 terrenas
458 1846 630 1885 officinas

221 1906 291 1943 Est
322 1905 474 1952 elapsus
505 1905 672 1953 aethere,

165 1963 237 2000 Dei
267 1966 398 1999 nutum
431 1966 468 1998 et
498 1964 678 1999 statutum

222 2019 308 2056 Tibi
341 2022 448 2056 curat
478 2018 660 2065 pandere.

891 215 956 254 19.
989 215 1125 252 Primis
1158 215 1265 252 annis
1296 215 1409 261 plena
1441 216 1593 263 magnis

1045 272 1250 308 Thesauris
1282 272 1476 321 scientiae,

987 328 1068 365 Deo
1103 339 1190 366 cara
1222 331 1259 365 et
1289 329 1420 375 ignara

1044 385 1175 422 Totius
1207 385 1398 431 malitiae3

894 489 960 527 20.
993 487 1158 524 Vincens
1180 498 1311 524 sexum
1330 492 1367 524 et
1384 488 1626 536 complexum

1047 544 1246 581 Carnalem
1280 544 1507 592 despiciens,

988 600 1070 637 Deo
1101 600 1258 646 placens
1291 602 1370 638 sive
1402 605 1532 638 tacens

1044 657 1131 695 Sive
1163 668 1204 693 os
1236 658 1435 704 aperiens3

889 761 956 798 21.
986 759 1622 806 Cordepru‹lens‚semperstudens

1044 816 1158 862 Legis
1191 814 1467 862 observantiae,

987 872 1046 909 Ex
1078 872 1148 909 hoo
1177 882 1266 909 sane
1297 882 1370 909 non
1403 873 1590 910 humanae

1045 929 1212 966 Laudem
1240 939 1423 975 quaerens
1455 930 1620 977 gloriae3

889 1033 954 1071 22.
987 1031 1150 1070 Actione
1181 1035 1218 1067 et
1248 1041 1420 1067 sermone

1046 1088 1399 1134 Irreprehensibilis

988 1146 1037 1183 Et
1070 1148 1289 1181 cunctarum
1320 1144 1528 1191 gratiarum

1044 1202 1209 1248 Fulgore
1238 1201 1434 1238 mirabilis.

891 1305 956 1344 23.
990 1304 1214 1341 Divinorum
1247 1308 1477 1340 secretorum

1048 1360 1162 1398 Lator
1191 1361 1240 1397 ad
1272 1365 1308 1396 te
1340 1364 1533 1408 properat,

988 1418 1080 1454 Fert
1093 1428 1284 1464 arcanum,
1304 1417 1403 1464 quod
1419 1418 1621 1455 humanum

1046 1474 1172 1511 Genus
1204 1473 1280 1511 fide
1312 1474 1462 1514 liberat.

884 1579 952 1617 24.
982 1576 1622 1626 Necsilendum,quodstupendum

1044 1634 1236 1670 Honorem
1268 1632 1436 1669 exhibuit

989 1691 1042 1727 Te
1073 1690 1247 1737 mirante,
1279 1701 1364 1727 nam
1397 1689 1466 1726 hoc
1497 1692 1586 1726 ante

1045 1747 1160 1783 Nulla
1191 1757 1260 1783 nec
1290 1750 1377 1793 post
1406 1746 1556 1785 meruit.

889 1850 955 1887 25.
988 1848 1061 1885 Hic
1092 1848 1238 1896 legatus
1270 1852 1326 1885 est
1357 1851 1517 1886 testatus

1045 1904 1199 1943 Cunctis
1231 1909 1268 1941 tc
1298 1905 1545 1952 praecellere,

987 1962 1105 1999 Plane
1136 1962 1287 2009 quando
1314 1966 1351 1998 te
1380 1961 1555 1999 mirando

1046 2019 1233 2057 Salutavit
1266 2029 1416 2066 genere.

71 2122 134 2160 16.
167 2122 280 2159 Adte
293 2120 579 2168 tendens‚quae
592 2120 843 2167 resplendens
894 2122 959 2159 26.
993 2120 1133 2157 Pandit
1163 2131 1227 2157 ore
1259 2131 1342 2157 cum
1374 2121 1527 2167 honore,

221 2178 320 2216 Eras
353 2177 473 2224 stirpe
504 2177 619 2225 regia,

164 2234 245 2272 Deo
278 2234 355 2272 cari
390 2238 428 2270 et
457 2234 646 2280 praeclari

223 2291 350 2329 David
384 2290 483 2337 regis
515 2289 616 2337 filia,

71 2389 137 2427 17.
169 2388 301 2426 Mente
332 2387 446 2434 mitis,
480 2386 696 2434 margaritis

225 2444 444 2482 Gratiarum
476 2443 663 2490 praedita,

167 2500 272 2538 Nulli
304 2510 469 2548 nocens,
503 2510 631 2536 omnes
665 2499 803 2536 docens

226 2557 312 2595 Vita
343 2556 425 2594 Deo
456 2556 619 2605 placita,

70 2653 134 2692 18.
167 2654 246 2691 Iam
278 2652 411 2690 adulta
441 2656 479 2689 et
508 2652 663 2701 inculta,

223 2708 308 2746 Non
343 2713 479 2756 mente,
511 2709 578 2746 sed
612 2719 786 2755 corpore,

169 2765 307 2803 Sancta
341 2766 456 2812 cultu,
489 2770 619 2802 sancta
652 2765 771 2809 vultu,

223 2822 385 2859 Prorsus
417 2825 548 2860 sancta
579 2825 756 2868 pectore;

1044 2177 1150 2224 Quod
1180 2175 1346 2214 futurum
1378 2180 1552 2223 noverat,

987 2233 1038 2271 Et
1069 2233 1252 2282 declarat,
1285 2233 1384 2280 quod
1407 2243 1473 2270 rex
1496 2235 1626 2280 parat,

1045 2290 1114 2335 Qui
1147 2295 1184 2326 te
1216 2293 1518 2329 consecraverat.

891 2387 955 2424 27.
989 2385 1188 2436 Salutavit,
1221 2387 1410 2424 nuntiavit

1046 2443 1118 2480 Dei
1148 2443 1372 2481 beneficium

989 2500 1062 2538 Ore
1095 2499 1235 2538 blando
1268 2500 1511 2545 declarando,

1046 2557 1152 2603 Quod
1185 2556 1344 2594 haberes
1376 2556 1506 2594 filium.

889 2653 955 2690 28.
988 2652 1155 2690 Primum
1187 2654 1282 2700 Ave,
1317 2656 1401 2699 post
1433 2662 1550 2689 suave

1044 2709 1244 2756 Depromit
1274 2709 1508 2757 mysterium,

986 2766 1093 2811 Quod
1116 2769 1174 2802 est
1194 2766 1325 2812 ingens
1347 2769 1384 2801 et
1400 2765 1626 2812 pertingens

1043 2822 1105 2859 Ad
1138 2822 1297 2858 salutem
1328 2822 1505 2859 omnium.
