1785 3111
718 36 1018 76 —393—

449 251 531 288 302.
569 251 626 293 (4.)
662 250 804 286 Oratio
831 250 882 285 ad
906 250 1077 285 Matrem
1104 249 1281 284 Domini.

291 381 411 419 Stella
441 380 569 429 maris,
601 390 697 426 quae
727 379 809 416 sola
839 379 942 425 paris
974 379 1054 415 sine
1086 379 1242 425 coniuge
1274 377 1432 426 prolem⁷

286 437 463 475 Iustitiae
494 437 636 474 clarum
668 436 795 483 specie
825 446 940 482 super
970 435 1095 473 omnia
1125 435 1255 483 solem,

284 494 442 533 Gemma
477 490 627 538 decens,
660 504 747 530 rosa
776 497 866 530 nata
897 503 1043 538 1666115,
1075 490 1248 539 perfecta
1282 492 1430 539 decore,

285 551 405 589 Mella
437 551 540 588 cavis
558 550 718 587 'inclusa
748 548 846 586 favis
877 549 1025 586 imitata
1056 559 1191 595 sapore

217 612 240 647 5
289 608 534 646 Omnimodos
566 611 651 644 tuus
681 607 802 643 almus
834 606 927 643 odos
958 606 1156 654 praecellit
1186 605 1334 653 odores,

284 665 517 711 Exsuperat,
550 674 642 710 quos
674 673 741 700 ver
772 667 928 706 reserat,
962 667 1028 699 tua
1058 662 1180 707 gratia
1210 660 1335 699 fiores.

287 722 504 768 Corporeus
535 725 585 766 te,
619 724 734 767 casta,
767 719 869 756 Deus
902 723 1106 765 conceptus
1136 717 1308 765 inundat,

286 778 490 822 Exoriens,
525 787 672 826 passus,
704 776 868 813 moriens
900 786 967 812 nos
1000 775 1156 811 crimine
1186 774 1356 812 mundat.

282 835 335 873 Ut
365 834 525 871 miseros
557 833 685 871 trahat
715 833 764 870 ad
795 843 966 879 superOS‚
998 832 1100 869 venit
1131 832 1229 868 altus
1261 831 1309 868 ad
1341 831 1428 879 ima,

189 893 240 930 10
286 891 474 938 Eripitur‚
510 890 596 927 dum
626 900 727 926 mors
761 890 931 937 moritur,
965 889 1166 935 plasmatio
1198 888 1335 935 prima.

284 948 474 985 Eximium
506 945 579 984 fuit
608 946 679 983 hoc
709 947 864 983 nimium
896 945 976 988 tibi,
1011 950 1141 982 sancta
1172 946 1313 993 virago,

284 1005 504 1052 virgineum
536 1004 637 1050 quod
668 1013 738 1050 per
767 1003 950 1050 gremium
982 1002 1102 1049 patris
1135 1002 1212 1039 exit
1244 1002 1380 1048 imago,

283 1062 494 1108 Amplexus
527 1061 623 1097 solet
654 1060 716 1096 hic
747 1070 858 1096 sexus
890 1060 1031 1097 sentire
1065 1059 1276 1107 pudendos,

282 1119 334 1157 Ut
364 1117 522 1165 paribus
557 1118 603 1154 de
635 1117 840 1154 seminibus
872 1121 985 1163 queat
1015 1116 1128 1154 edere
1158 1114 1317 1159 flendos,

188 1176 238 1214 15
285 1177 344 1214 Tu
372 1185 462 1213 vero
493 1184 707 1221 praegnans
738 1178 845 1210 utero
877 1184 1107 1220 servansque
1138 1173 1321 1219 pudorem

283 1231 470 1269 Producis
502 1231 705 1268 Dominum
736 1231 831 1267 lucis
864 1230 1038 1276 vitaeque
1070 1230 1254 1267 datorem.

286 1287 457 1327 Luciferi
489 1292 610 1324 mater
640 1288 763 1335 pueri⁷
796 1292 833 1324 te
864 1287 1025 1323 mundus
1055 1286 1203 1333 adorat.

287 1346 342 1383 Te
372 1344 562 1392 precibus,
594 1348 632 1381 te
664 1344 893 1381 carminibus
927 1344 1083 1380 devotus
1115 1343 1262 1381 adorat.

283 1403 373 1440 Post
406 1402 609 1439 Dominum
639 1406 680 1438 tu
712 1411 798 1448 spes
830 1401 1033 1447 hominum,
1068 1411 1160 1447 quos
1193 1400 1344 1437 conseia
1375 1398 1522 1436 mordet

187 1460 237 1498 20
284 1459 394 1496 Μ6115
426 1459 595 1507 sceleris,
629 1469 724 1505 quae
754 1468 825 1505 per
858 1457 1014 1495 Veneris
1047 1457 1220 1503 contagia
1248 1457 1391 1494 sordet.

285 1515 524 1563 Supplicium
556 1519 641 1562 post
667 1515 850 1552 iudicium
879 1518 1069 1551 removeto
1101 1514 1307 1560 gehennae,

285 1573 427 1610 Elisios
461 1573 629 1610 concede
658 1573 742 1618 pios
773 1571 948 1609 habitare
977 1581 1154 1617 perenne.

174 1721 366 1754 Collectan.
400 1732 462 1754 ms.
498 1732 587 1754 saec.
620 1718 673 1752 13.
726 1719 809 1752 Cod.
844 1719 1014 1751 Oxonien.
1048 1719 1166 1760 Digby
1199 1715 1242 1749 65
1275 1717 1316 1748 A.
1350 1733 1392 1737 -—
1426 1716 1542 1758 Beaug>
1540 1715 1652 1747 endre

87 1765 174 1800 1559
201 1778 241 1809 sq
245 1769 315 1799 ..B
334 1787 375 1789 —
393 1766 415 1798 4
440 1771 574 1799 mutata
599 1777 722 1808 sapore
748 1766 786 1797 B.
805 1783 849 1786 —
866 1763 886 1796 5
912 1765 965 1796 bis
994 1764 1034 1797 16
1058 1764 1174 1796 fehlen
1198 1765 1238 1795 A.
1256 1780 1301 1784 —-
1322 1759 1362 1794 18
1387 1761 1515 1793 honora*
1512 1763 1591 1792 ϊΒ.
1611 1778 1654 1782 a

86 1811 126 1845 19
160 1823 227 1855 quo
260 1814 402 1844 conscia
435 1815 473 1844 B.
499 1829 543 1834 -
566 1810 611 1843 22
641 1812 775 1843 Elisios
808 1811 968 1842 habitare
1000 1811 1076 1851 pios
1109 1809 1259 1841 concede
1290 1818 1441 1850 perenne
1466 1808 1505 1838 B.
1531 1824 1574 1827 —
1603 1807 1653 1837 An

85 1824 182 1891 diesq
187 1858 335 1890 Gedicht
359 1859 405 1889 ist
430 1859 467 1889 in
492 1858 552 1889 der
576 1857 745 1890 Oxf01··dei
770 1858 832 1888 Hs.
859 1856 949 1888 ohne
974 1856 1045 1887 Abs
1049 1860 1104 1887 atz
1130 1865 1176 1886 an
1201 1855 1262 1886 das
1288 1855 1437 1886 Caimen
1461 1853 1557 1884 Petii
1578 1853 1603 1883 P
1608 1854 1653 1883 ic-

84 1905 171 1936 toiis
198 1903 397 1946 angebangt
429 1904 577 1943 „Esse‚
614 1902 726 1945 quod
763 1906 831 1933 est
867 1912 915 1933 ex
953 1912 1012 1939 se,
1040 1902 1155 1933 Deus
1190 1898 1272 1931 est‘
1308 1903 1371 1931 etc.
1425 1899 1474 1930 Zu
1500 1898 1559 1930 der
1585 1899 1652 1928 An-

84 1950 167 1982 rede
193 1947 336 1991 ‚‚casta“
362 1950 406 1990 (v.
429 1929 465 1989 7)
489 1949 558 1991 vgl.
583 1949 644 1981 Nl.
670 1946 699 1987 2,
731 1945 781 1979 19.

417 2185 494 2220 303.
529 2186 587 2229 (5.)
623 2185 765 2221 Oratio
793 2194 867 2228 pro
896 2183 1080 2218 fidelibus
1105 2181 1322 2216 defunctis.

339 2313 524 2360 Christus,
557 2324 625 2350 rex
655 2324 812 2360 magnus
842 2316 956 2359 atque
986 2311 1059 2348 Dei
1090 2311 1210 2357 patris
1243 2322 1374 2357 agnus⁷

337 2371 408 2417 Qui
439 2371 541 2418 ligno
572 2369 688 2408 fixum
720 2380 760 2406 se
791 2369 903 2405 morti
935 2368 1096 2405 tradidit
1126 2368 1261 2417 ipsum,

337 2427 394 2466 Ob
423 2431 574 2464 nostros
607 2431 713 2463 actus
745 2425 946 2472 placabilis
978 2424 1101 2462 hostia
1132 2422 1268 2473 factus,

336 2484 439 2522 Ante
470 2495 577 2520 suum
608 2483 726 2520 letum
758 2481 809 2519 fel
841 2487 1089 2530 praegustans
1122 2482 1181 2518 vel
1212 2487 1373 2528 acetum,

269 2544 291 2579 5
338 2541 391 2580 Ut
424 2552 492 2578 nos
524 2541 703 2587 eriperet,
736 2550 828 2586 quos
861 2539 916 2576 vis
948 2539 1100 2575 inimica
1131 2543 1290 2586 teneret,

337 2597 490 2635 Arbore
521 2609 590 2644 pro
622 2597 797 2644 quadam,
831 2607 938 2642 quam
972 2594 1140 2641 perfidus
1172 2596 1297 2642 attigit
1330 2596 1456 2633 Adam

338 2655 414 2692 Per
445 2655 685 2701 deceptorem
721 2653 876 2689 vetitum
909 2653 1094 2698 gustando
1126 2662 1313 2699 saporem⁷

339 2711 452 2749 Unde
481 2709 553 2747 fuit
586 2711 739 2757 dignum
772 2720 842 2756 pro
872 2709 974 2755 ligno
1004 2719 1146 2756 ponere
1176 2709 1332 2756 lignum,

341 2767 478 2814 Sicque
508 2765 579 2804 fuit
610 2767 750 2804 iustum
784 2777 853 2812 pro
886 2769 996 2812 gustu
1028 2776 1168 2812 ponere
1198 2769 1360 2812 gustum,
