1785 3111
34 220 128 259 103.

45 651 139 689 104.

37 1081 133 1121 105.

38 1513 133 1553 106.

40 1943 133 1983 107.

46 2373 139 2412 108.

661 103 971 144 -639-

174 220 269 268 Ave,
301 219 437 257 summi
466 219 567 266 regis
598 222 754 266 ostrum,

173 277 270 326 Ave,
303 276 411 324 virgo
442 276 563 314 Deum
594 279 766 313 nostrum

229 333 345 371 Casto
374 333 521 370 lactans
551 332 680 380 ubere,

172 391 291 428 Partu
321 389 489 436 gaudens
520 389 699 437 glorioso,

174 447 270 493 Quia
299 457 488 493 nunquam
518 445 688 484 fastuoso

231 502 419 540 Tumuisti
448 502 594 541 tubere.

185 652 281 698 Ave,
303 661 373 699 per
394 661 503 697 quam
522 651 577 688 sol
596 653 781 695 saccatur,

178 707 255 745 Per
284 718 395 754 quam
417 706 522 744 Deus
541 707 781 756 humanatur,

234 765 309 802 Per
329 775 440 811 quam
457 763 561 801 Deus
583 763 778 810 panditur,

177 822 252 859 Per
288 831 400 867 quam
429 820 553 858 luctus
582 820 780 869 limitatur,

176 878 252 916 Per
282 888 393 924 quam
426 877 535 915 dolor
565 876 752 925 obelatur,

234 935 310 973 Per
335 945 448 981 quam
469 934 567 970 risus
590 933 780 971 redditur.

176 1081 274 1129 Ave,
306 1084 412 1118 casta
439 1091 578 1128 sponsa
607 1079 692 1130 Dei,

180 1138 284 1184 Quae
314 1137 466 1185 pulsata
496 1136 634 1184 pandis
667 1136 701 1173 ei

237 1195 342 1232 Tuae
371 1193 508 1230 mentis
540 1194 747 1240 pessulum,

182 1251 315 1288 Dulcis
338 1251 448 1288 dulce
472 1251 539 1287 das
561 1260 785 1297 responsum

181 1307 231 1345 Et
249 1307 421 1345 admittis
441 1307 589 1345 dulcem
607 1317 785 1353 sponsum

232 1365 424 1402 Ruentem
455 1364 494 1400 in
525 1364 707 1402 osculum.

179 1512 276 1558 Ave,
307 1511 415 1558 pluta
446 1510 542 1548 caeli
571 1509 713 1557 nimbo,

177 1568 285 1607 Udas
315 1578 443 1605 orcum
475 1571 511 1604 et
543 1578 566 1604 a
594 1567 712 1604 limbo

233 1625 392 1663 Sanctos
423 1628 554 1672 patres
586 1624 708 1671 eruis3

181 1682 304 1720 Huius
334 1681 467 1719 mundi
497 1681 716 1719 cataclismo

180 1738 331 1776 Foedos
363 1739 464 1776 vitae
494 1737 732 1775 barbarismo

208 1795 388 1844 Mundas,
421 1805 572 1844 purgaS‚
605 1794 742 1833 abluis.

176 1943 280 1981 Fons
298 1953 337 1980 es
350 1942 461 1981 lactis
473 1953 663 1989 nunquam
675 1952 786 1994 arens

179 2001 394 2047 Puteusque
426 1997 545 2036 fundo
577 2009 709 2037 carens

235 2056 286 2094 Et
317 2056 476 2103 abyssus
507 2056 655 2105 mellea,

180 2113 356 2151 Paradisi
388 2112 563 2160 fragrans
595 2123 694 2163 rosa,

177 2170 305 2207 Vestis
336 2169 444 2207 verbi
474 2181 548 2207 non
581 2179 733 2207 corrosa

237 2226 489 2274 Corruptelae
518 2227 633 2265 tinea.

184 2373 256 2410 Tui
286 2373 410 2410 mellis
441 2373 682 2411 cataclismus

185 2430 372 2468 Salutaris
404 2433 461 2467 est
490 2430 715 2480 baptismus,

239 2486 319 2532 Quo
349 2487 511 2524 mundus
543 2486 729 2533 abluitur;

181 2543 303 2580 Tuum
332 2547 464 2580 nectar
495 2549 550 2580 est
581 2543 741 2594 medela,

181 2599 263 2646 Qua
292 2603 490 2647 peccatum
523 2604 559 2637 et
590 2601 745 2647 sequela

238 2657 393 2695 Peccati
425 2657 626 2704 detegitur.

157 2835 184 2877 1)
218 2837 408 2869 immensis.
433 2855 477 2860 —

860 1079 954 1119 111.

861 1510 954 1551 112.

860 1941 956 1981 113.

861 2373 954 2412 114.

854 218 948 258 109.
994 219 1090 266 Ave,
1122 217 1184 255 via
1215 217 1386 256 veritatis

990 275 1041 312 Et
1071 274 1231 312 amussis
1244 271 1278 324 1)
1310 275 1526 322 aequitatis,

1048 332 1143 376 Ave,
1176 331 1271 368 recti
1301 332 1443 382 regula,

993 387 1214 427 sanctitatis
1245 387 1431 435 ordinale,

991 445 1140 482 Novum
1171 455 1317 482 morum
1349 445 1575 491 doctrinale,

1020 501 1151 539 Novae
1183 501 1283 538 vitae
1314 500 1490 540 formula.

856 649 951 689 110.
999 650 1094 696 Ave,
1127 653 1249 686 mater
1278 654 1315 686 et
1344 649 1496 698 ancilla,

998 706 1138 744 Summi
1172 706 1271 753 regis
1303 717 1398 753 quae
1429 705 1574 752 papilla

1055 763 1175 800 Tuum
1208 762 1332 809 pascis
1363 762 1558 809 pabulum,

997 820 1115 856 Lacte
1148 820 1272 865 pascis
1304 822 1341 855 te
1371 823 1603 865 pascentem,

991 874 1139 912 Ventre
1147 875 1293 913 claudis
1303 879 1339 912 te
1349 875 1603 923 claudentem,

1053 932 1173 969 Tuum
1206 932 1306 980 geris
1337 932 1524 980 gerulum.

1000 1079 1103 1117 Deus
1135 1079 1184 1116 ad
1217 1082 1255 1116 te
1286 1079 1527 1117 salutandam

1001 1137 1053 1173 Et
1083 1136 1205 1173 salute
1236 1136 1511 1182 gravidandam

1058 1193 1173 1230 Suum
1205 1193 1322 1229 mittit
1352 1193 1532 1241 1nilite1n3

999 1250 1056 1287 Tu
1077 1250 1288 1297 respondes
1312 1249 1438 1286 verbis
1459 1250 1606 1297 gnaris,

1002 1307 1116 1344 Visco
1149 1307 1273 1344 carnis
1301 1307 1483 1353 puellaris

1060 1364 1174 1410 Capis
1206 1363 1277 1400 Dei
1308 1363 1449 1403 alitem.

1003 1510 1061 1547 Tu
1092 1510 1267 1548 caelestis
1299 1521 1338 1547 es
1370 1510 1507 1548 hirudo

1000 1567 1145 1605 Favum
1176 1578 1324 1614 sugens,
1356 1567 1555 1614 plenitudo

1058 1624 1173 1663 Cuius
1205 1635 1278 1661 non
1311 1624 1498 1673 ebibitur,

1001 1681 1109 1728 Sugit
1139 1681 1242 1718 Deus
1274 1679 1401 1718 favum
1430 1686 1546 1729 tuum,

1001 1738 1053 1776 Et
1083 1742 1123 1775 tu
1155 1738 1255 1785 sugis
1287 1736 1413 1776 favum
1445 1749 1564 1788 suum,

1056 1794 1174 1832 Melle
1205 1795 1280 1831 mel
1310 1795 1548 1842 rependitur.

1000 1942 1095 1992 Ave,
1129 1946 1260 1979 nostra
1291 1942 1509 1991 mediatrix,

998 1999 1095 2046 Ave,
1129 1999 1232 2036 cuius
1264 2003 1383 2036 tumet
1414 1999 1554 2036 matrix

1057 2056 1147 2093 Sine
1178 2056 1250 2092 viri
1282 2056 1432 2103 copula,

1001 2112 1058 2149 Tu
1093 2113 1294 2159 pistrinum
1328 2123 1367 2149 es
1398 2111 1605 2158 abundum,

1001 2170 1044 2206 In
1063 2180 1135 2215 quo
1154 2169 1254 2206 Deus
1273 2169 1414 2206 munda
1425 2169 1606 2206 mundum

1059 2226 1199 2262 Panem
1229 2226 1346 2272 pinsit
1376 2226 1539 2272 pinsula.

1000 2374 1096 2421 Ave,
1129 2373 1236 2420 virgo
1266 2373 1348 2410 Deo
1379 2372 1548 2420 placens,

1001 2430 1058 2467 De
1088 2430 1289 2468 mundanis
1321 2433 1436 2478 muta,
1462 2434 1605 2476 tacens,

1058 2487 1116 2524 De
1149 2487 1288 2524 divinis
1320 2486 1490 2534 garrula,

1003 2543 1196 2590 Quidquid
1222 2543 1337 2581 habet
1358 2543 1396 2580 in
1417 2542 1606 2580 thesauris

1003 2600 1106 2638 Deus
1140 2601 1259 2649 dives,
1299 2610 1446 2648 pauper
1476 2599 1605 2637 hauris

1062 2657 1250 2705 Virginali
1280 2658 1406 2694 situla.
