1785 3111
716 40 996 80 -63„.

162 155 189 197 l,
214 154 236 187 4
260 155 412 198 turpidis
437 156 477 186 B.
503 172 546 177 —
571 152 601 193 3,
629 153 649 186 2
673 155 773 186 uiuet
796 155 836 185 B.
863 172 908 175 -
933 151 964 191 3,
989 152 1011 185 4
1035 154 1162 185 Totum
1192 152 1324 184 ferinoe
1345 153 1385 183 Β.
1411 168 1454 174 ——-
1479 149 1511 189 4,
1540 149 1555 182 1
1583 152 1642 183 ab·

66 213 186 244 rumpe
211 202 351 244 spibum
367 202 407 232 B.
425 218 470 222 —-
493 198 527 238 4,
551 198 573 232 3
598 200 717 232 saluos
735 201 773 231 B.
792 216 835 221 -
860 197 891 238 4,
918 197 939 230 4
958 200 1059 231 Vatis
1079 200 1122 231 Β.
1144 216 1182 220 -
1210 196 1244 236 6,
1271 196 1287 229 1
1315 207 1420 229 ornae
1438 198 1477 228 B.
1498 214 1539 219 -
1565 195 1596 235 6,
1623 195 1643 228 3

67 247 236 280 verendos
260 248 300 279 B.
325 264 370 267 —
395 245 425 285 7,
453 244 469 277 1
496 246 608 277 factus
636 247 672 277 Β.
697 262 742 267 —-
766 242 798 282 8,
825 242 855 284 2,
882 245 1006 277 adficet
1032 246 1071 277 B.
1096 261 1141 266 —-
1167 241 1197 282 8,
1230 242 1250 276 3
1276 245 1412 285 aspices
1431 244 1469 273 Β.
1496 259 1539 264 --
1564 240 1595 276 8,
1623 241 1644 273 4

68 294 218 326 Presura
241 294 362 335 gignet
386 293 424 323 B.
450 308 493 313 —-
519 292 703 333 „Hymnus
729 291 897 322 tristitiae
921 291 1035 322 dictus
1062 300 1083 322 a
1108 290 1233 321 domno
1265 286 1450 320 Ennodio‘*
1479 289 1516 320 B.

478 459 537 495 56.
573 459 630 501 (3.)
666 460 841 502 Hymnus
867 458 999 494 sancti
1026 457 1232 502 Cypriani.

95 568 131 606 1.
160 566 269 604 Vatis
302 565 485 612 Cypriani
513 569 551 602 et
580 565 761 612 martyris
914 567 951 602 5.
984 565 1147 601 Peccata
1177 573 1356 610 rumpens
1388 564 1568 601 carmine.

163 624 257 667 Cor,
292 623 443 669 lingua,
474 633 628 671 sensus,
663 621 827 668 dignitas
985 620 1071 657 Non
1092 618 1253 669 flamma,
1289 630 1431 666 carcer,
1454 620 1644 657 vinculum

159 680 325 718 Mortem
357 677 514 716 ferendo
545 677 758 725 proferunt.
988 678 1115 715 Potest
1146 687 1296 725 nocere,
1329 687 1420 724 quos
1452 677 1570 715 iuvat.

160 737 286 774 Vitale
318 736 467 773 bustum
499 746 573 773 nex
607 735 726 783 dedit,
984 734 1158 771 Mactare
1187 734 1310 770 iussus
1342 734 1496 779 hostias,

92 852 130 889 2.
161 850 346 888 Macrone
377 853 489 896 parta
518 848 584 885 lux
619 848 744 887 micat.
915 849 952 886 6.
987 846 1170 894 Lugenda
1201 847 1286 884 risit
1316 847 1491 891 numina,-

163 906 287 944 Dictis
320 904 393 942 fuit
422 903 685 952 praefulgidus
985 905 1157 941 Instante
1187 915 1273 942 mox
1305 904 1475 951 periculo

161 963 213 1001 Et
243 973 309 1000 ore
339 962 445 1000 dives
476 962 599 1011 unico,
982 961 1097 1007 Fugit
1127 961 1273 1008 pericla
1305 960 1449 1008 funere,

161 1020 360 1057 Torrentis
387 1019 529 1057 undam
561 1019 721 1066 gurgitis
983 1019 1126 1056 Parvas
1159 1018 1338 1066 loquendi
1370 1019 1561 1055 schemate

93 1135 130 1172 3.
163 1135 338 1180 Impacta
368 1143 484 1170 cornu
516 1133 664 1180 spicula
918 1134 952 1171 7.
985 1132 1116 1169 Moras
1148 1132 1294 1168 remisit
1324 1132 1474 1177 ictibus,

161 1190 342 1227 Sermone
373 1190 529 1228 vincens
562 1189 793 1236 promptulo,
985 1188 1138 1226 Aceivit
1169 1199 1277 1226 enses
1308 1189 1456 1236 laetior,

162 1248 263 1294 Opes
293 1247 453 1284 verendi
483 1247 652 1294 pectoris
988 1246 1173 1284 Currente
1204 1246 1280 1283 leto
1311 1246 1396 1293 plus
1429 1247 1552 1295 celer,

167 1304 238 1350 Qui
268 1303 351 1341 iure
383 1303 535 1341 Christo
566 1303 751 1350 reddidit,
990 1303 1197 1340 Proconsul
1229 1313 1311 1339 esse
1342 1304 1492 1341 saevior

96 1408 121 1445 4
164 1406 276 1444 Nunc
302 1417 436 1443 munus
458 1406 592 1453 implet
612 1406 827 1454 pristinum,
916 1407 951 1444 8.
986 1405 1167 1451 Nequivit
1198 1406 1262 1442 ille
1293 1406 1496 1456 Maximus,

164 1464 304 1501 Orator
334 1467 431 1507 orat,
464 1463 610 1501 obtinet
988 1462 1100 1509 Dum,
1118 1462 1218 1508 quod
1235 1463 1411 1513 minatur,
1431 1475 1565 1500 munus
1583 1469 1651 1513 est,

165 1520 215 1557 Et
248 1521 344 1557 dura
375 1520 498 1556 causis
530 1524 732 1568 temperat,
988 1519 1069 1555 Nec
1099 1519 1228 1556 tardat
1259 1520 1317 1556 ira
1346 1520 1467 1557 lenior

164 1577 276 1614 Facit
306 1577 438 1614 beatos
470 1587 516 1613 ex
548 1577 636 1623 reis,
990 1576 1181 1613 Christum
1213 1577 1383 1613 volentes
1416 1579 1551 1615 visere.

174 1675 202 1717 1,
237 1676 258 1709 3
283 1689 345 1720 pro
371 1680 454 1710 runt
478 1678 518 1709 B.
542 1696 585 1700 —
614 1676 642 1716 1,
675 1676 698 1709 4
718 1678 890 1709 uitalibus
918 1680 992 1708 tum
1019 1678 1056 1709 B.
1083 1694 1127 1698 —
1154 1676 1184 1715 3,
1211 1676 1232 1708 ‘2
1258 1678 1415 1719 promolo
1442 1680 1481 1710 B.
1509 1698 1554 1700 —
1578 1678 1610 1716 4,
1638 1678 1658 1711 2

82 1724 217 1765 optenit
240 1724 279 1755 B.
305 1740 348 1745 ——
375 1721 406 1763 4,
441 1721 464 1755 4
488 1724 610 1755 beatus
637 1725 675 1756 B.
702 1741 746 1744 -—
771 1722 802 1762 5,
829 1720 849 1754 3
874 1723 975 1754 iubat
1000 1723 1038 1754 Β.
1064 1741 1106 1745 -
1133 1721 1164 1761 6,
1190 1721 1212 1754 4
1237 1727 1419 1757 stemmate
1445 1726 1483 1757 B.
1510 1743 1552 1746 —
1579 1724 1609 1765 7,
1636 1724 1656 1756 4

78 1768 294 1801 Proconsule
318 1770 358 1801 B.
392 1786 437 1791 —
470 1766 507 1808 8,
539 1767 560 1800 4
584 1770 718 1801 viscere
744 1770 783 1801 B.
816 1785 858 1790 —
895 1769 1076 1810 „Hymnus
1111 1770 1222 1800 sancti
1256 1770 1443 1811 Cypriani,
1481 1771 1599 1803 dictus
1637 1782 1656 1802 a

83 1814 208 1846 domno
234 1812 418 1846 Ennodio“
447 1816 485 1847 B.

498 1960 558 1996 57.
599 1960 658 2003 (4.)
694 1961 870 2004 Hymnus
899 1961 946 1996 de
974 1961 1235 1998 Pentecoste.

98 2065 135 2104 1.
166 2065 217 2102 Et
254 2065 327 2102 hoc
357 2076 561 2112 supernum
593 2077 727 2103 munus
761 2070 831 2115 est,
918 2070 956 2108 4.
989 2067 1170 2105 Sermone
1195 2068 1326 2105 mundi
1357 2076 1587 2115 praepotens

174 2122 282 2168 Quod
313 2122 442 2170 lingua
472 2123 612 2170 linguis
642 2123 803 2173 militat3
991 2125 1043 2162 Et
1075 2125 1191 2162 corda
1220 2125 1351 2162 mundi
1383 2126 1562 2174 concutit,

169 2179 259 2225 Quis
290 2190 365 2216 non
395 2181 563 2216 tonantis
594 2180 764 2227 praemia
995 2181 1157 2218 Summis
1190 2180 1337 2219 feratur
1367 2182 1557 2229 laudibus,

170 2236 245 2273 Per
287 2236 387 2273 dona
427 2237 594 2273 eiusdem
635 2236 836 2283 proferat?
996 2238 1123 2276 Habet
1154 2239 1263 2276 homo
1294 2249 1361 2276 ora.
1391 2240 1571 2286 gentium.

102 2338 139 2376 2.
171 2337 295 2383 Facit,
328 2338 518 2384 loquendo
550 2339 611 2386 qui
644 2339 759 2385 sapit,
925 2344 960 2378 5.
994 2341 1135 2390 Thrax,
1161 2342 1308 2388 GalluS,
1329 2342 1448 2378 Indus
1466 2353 1560 2379 unus
1579 2346 1655 2379 est:

169 2394 334 2442 Dignum
366 2395 541 2442 loquatur
572 2400 613 2432 ut
644 2396 739 2445 Deo,
992 2398 1100 2444 Quod
1132 2398 1274 2435 blanda
1304 2398 1403 2435 ludit
1435 2400 1608 2449 Graecia,

171 2450 356 2498 infundit,
390 2462 489 2499 eece,
523 2452 680 2499 spiritus
996 2455 1103 2501 Quod
1135 2456 1255 2492 saevit
1287 2460 1396 2493 atrox
1429 2457 1628 2505 barbaruS,

173 2508 225 2544 Et
256 2519 322 2545 ara
354 2519 484 2545 rursus
515 2509 683 2555 instruit,
998 2511 1151 2548 stridor
1183 2512 1330 2559 Canopi
1362 2519 1585 2563 murmurat,

103 2610 139 2647 3.
172 2610 297 2646 Intrat
325 2615 482 2647 veterno
513 2615 670 2657 pectora
924 2616 961 2652 6.
995 2614 1102 2659 Quod
1144 2615 1271 2661 lingua
1311 2615 1427 2653 latrat
1467 2616 1659 2664 Parthica,

170 2665 395 2704 Eviscerata
425 2667 568 2706 nubilo.
995 2672 1133 2708 Pectus
1165 2672 1328 2718 replevit
1359 2673 1571 2721 hospitum;

173 2723 217 2760 In
248 2723 319 2760 hoc
349 2724 532 2770 apostolis
565 2725 626 2762 die
997 2727 1134 2765 Mundi
1165 2729 1214 2765 ad
1247 2730 1404 2765 salutem
1438 2730 1604 2766 curritur

175 2779 274 2815 Dum
307 2779 423 2818 verba
456 2781 612 2819 verbum
646 2781 784 2819 dividit
997 2783 1160 2821 Nolente
1191 2786 1331 2822 mundo
1362 2790 1416 2823 tot
1450 2786 1531 2826 viis.
