1785 3111
730 68 1036 109 —527—

105 184 142 224 5.
188 182 239 219 Hi
270 183 421 220 virtutis
451 186 560 220 erant
923 186 960 222 6.
1008 183 1081 221 Sed
1114 184 1237 221 ventis
1269 183 1440 221 tribuens

243 237 358 277 fortia
388 239 478 287 tela,
1064 240 1158 278 haec
1189 240 1425 288 vagabundis

187 296 352 341 Quorum
384 296 485 333 zelus
517 299 597 332 erat
1006 297 1130 344 Digne
1159 304 1290 334 nostra
1321 302 1423 334 earet

242 352 384 400 absque
415 352 580 400 querela,
699 377 701 379 ·
1065 354 1199 400 cymba
1229 354 1418 399 secundis,

186 409 298 447 Vitae
329 408 538 457 naufragiis
1005 410 1123 456 Quam
1156 415 1286 448 contra
1318 411 1432 447 variis

241 476 426 512 prospera
457 466 552 515 vela,
1060 471 1174 514 atque
1205 466 1406 514 profundis

185 522 335 560 Morum
367 522 585 560 vulneribus
1005 523 1198 562 Fortunae
1229 524 1386 572 pelagus

242 584 332 626 apta
362 580 523 619 medela.
1062 581 1201 618 militat
1231 581 1357 618 undis.

580 707 611 732 c.
658 694 739 731 Iam
771 704 949 731 succurre
979 694 1084 739 meis,

717 750 888 797 obsecro,
922 750 1061 798 spebus

660 807 787 846 Sacris
819 807 989 844 autidoto

717 864 764 900 de
794 863 1006 911 speciebus,

661 920 724 958 Sic
753 920 827 958 sint
855 921 957 972 laeta
987 920 1061 957 tuis

716 981 891 1025 tempora
922 973 1035 1014 rebus

658 1034 709 1071 Et
739 1034 868 1072 multis
898 1033 1025 1072 faveat

717 1091 795 1128 vita
826 1091 972 1130 diebus.

194 1202 257 1244 Ep.
284 1202 346 1234 IX.
382 1220 425 1225 —-⁴
449 1202 654 1234 Venerabili
690 1204 786 1242 viro,
820 1205 987 1246 magistro
1014 1214 1075 1235 suo
1101 1204 1143 1235 N.
1169 1221 1213 1224 —
1239 1203 1395 1235 Seliluss:
1431 1203 1672 1245 „Quapropter

105 1258 147 1280 ex
186 1249 314 1290 vagina
355 1249 537 1280 metrici
577 1249 743 1280 carminis
784 1251 1035 1281 sententiosum
1078 1250 1314 1291 praecipitans
1355 1250 1391 1280 in
1433 1258 1508 1280 mea
1545 1248 1673 1280 dilecta

104 1303 301 1325 mucronem
327 1304 369 1325 ex
395 1304 453 1326 ore
478 1304 553 1326 meo
580 1304 633 1326 me
658 1294 784 1326 iudico.
834 1295 972 1327 Parcite
998 1294 1188 1327 confitenti.
1215 1312 1257 1317 -—

193 1337 223 1377 2,
250 1336 271 1370 3
295 1340 448 1371 meritor.
474 1356 516 1361 —
542 1337 574 1379 3,
599 1336 619 1371 8
645 1340 863 1372 consiluisse.

575 1496 657 1532 362.
694 1498 774 1540 (19.)
810 1498 868 1533 De
894 1499 1008 1533 Bono
1035 1496 1198 1532 Mortis.

305 1602 421 1647 Quam
453 1601 581 1648 gravis
612 1603 737 1640 exsilii
769 1602 841 1640 fuit
872 1603 966 1641 haec
997 1602 1239 1651 proscriptio,
1272 1613 1341 1649 per
1376 1613 1485 1649 quam

359 1659 422 1696 Ad
453 1660 617 1706 patriam
650 1660 796 1697 reditus
826 1671 901 1697 non
932 1660 1005 1697 nisi
1037 1666 1157 1696 morte
1190 1659 1313 1697 datur.

304 1715 410 1752 Haec
436 1716 545 1764 nigra
576 1717 748 1754 condicio
780 1722 836 1754 est
868 1721 906 1754 et
937 1716 1116 1766 candida,
1149 1714 1275 1752 flebile
1306 1720 1471 1763 pactum,

359 1773 621 1820 Laetitiaeque
652 1774 764 1810 simul
794 1774 889 1811 levis
921 1778 958 1810 et
988 1783 1125 1820 aspera
1155 1773 1229 1810 lex.

248 1832 268 1867 5
304 1829 389 1866 Non
420 1829 516 1867 vitet
548 1830 630 1876 quis
662 1830 775 1879 enim,
810 1831 932 1868 valeat
964 1840 1047 1867 cum
1080 1830 1220 1877 vivere,
1254 1835 1426 1877 mortem,

360 1886 423 1924 Ad
455 1886 618 1932 patriam
649 1887 745 1925 nolit
773 1888 905 1935 quisve
935 1887 1062 1925 redire
1093 1898 1211 1927 suam.

305 1942 380 1980 Sed
412 1948 567 1989 superat
599 1944 744 1981 reditus
778 1944 940 1982 dulcedo
972 1944 1105 1981 mortis
1135 1954 1299 1993 amarae,

364 2000 476 2039 Cedit
506 2004 543 2037 et
573 2001 714 2038 invitus
746 2002 867 2039 victus
899 2012 1027 2039 amore
1057 2001 1184 2040 timor.

302 2057 410 2094 Mors
443 2067 487 2094 ea
518 2068 619 2094 mors
649 2056 756 2106 felix,
790 2070 891 2096 mors
922 2059 1051 2095 vivere
1084 2058 1197 2105 digna
1229 2058 1370 2105 vocari,

221 2114 270 2152 10
359 2112 481 2159 Mors,
513 2114 614 2152 vitae
644 2126 796 2163 praeco,
831 2126 982 2162 semper
1013 2115 1173 2151 emenda
1204 2113 1308 2152 mihi.

301 2170 410 2208 Mors
441 2181 484 2208 ea
515 2182 616 2208 mors
647 2172 742 2209 haec
773 2177 841 2217 est,
877 2172 923 2209 de
954 2183 1028 2219 qua
1058 2171 1269 2217 scriptura:
1304 2170 1413 2207 Beati

361 2227 404 2264 In
438 2228 611 2275 Domino,
645 2229 795 2273 clamat„
824 2229 888 2276 qui
918 2229 1142 2276 moriuntur,
1177 2231 1299 2266 erunt.

302 2283 378 2321 Det
408 2284 511 2321 Deus
542 2285 780 2331 omnipotens
810 2285 943 2332 placiti
971 2295 1054 2321 eum
1087 2284 1233 2321 venerit
1262 2283 1356 2321 hora

361 2340 632 2378 Consummare
663 2346 747 2379 tuos
779 2342 850 2379 hoc
881 2341 951 2378 tibi
981 2340 1055 2378 fine
1088 2341 1181 2378 dies.

194 2451 260 2493 Ep.
291 2452 389 2485 XXI.
425 2470 470 2474 —
501 2454 542 2486 G.
574 2453 615 2485 de
650 2453 833 2485 Basoehiis
870 2453 1053 2485 carissimo
1091 2463 1153 2485 suo
1178 2453 1294 2485 Petro.
1332 2469 1374 2474 —-
1414 2453 1485 2486 Das
1523 2452 1671 2486 Gedicht

107 2496 264 2529 schliesst
289 2498 378 2531 ohne
403 2500 542 2531 weitere
567 2498 774 2540 Einleitung
799 2509 843 2530 an
869 2499 935 2531 den
959 2498 1058 2530 Brief
1079 2508 1133 2530 an.
