1785 3111
784 50 1090 90 —328—

440 167 503 204 Sic
533 165 721 212 quondam
752 164 848 201 lenis
880 164 1143 211 propitiusque
1173 164 1297 214 nimis,
1350 160 1352 162 ’

283 224 333 260 25
381 228 433 263 Α1
463 230 553 259 111110
586 222 780 258 districtus
812 221 938 257 veniet
969 221 1199 268 nimiumque
1231 221 1429 258 verendus.

439 280 545 316 Tunc
576 289 720 325 quoque
752 278 976 316 monstrabit
1009 278 1176 327 vulnera,
1209 290 1305 324 quae
1336 278 1463 316 subiit.

383 338 499 384 Quem
531 334 815 378 transfixerunt,
847 333 995 371 ut.fert
1026 335 1229 381 scriptura,
1263 335 1446 371 videbunt

442 393 661 431 Reddentes
694 393 898 440 planctum⁷
931 391 1025 437 proh
1061 392 1180 436 dolor,
1212 392 1249 427 in
1282 402 1454 429 vacuum.

385 452 478 491 Cum
511 448 693 486 transfixa
725 449 821 485 cutis
853 449 899 484 sit
932 458 1019 494 spes
1051 452 1086 484 et
1119 459 1231 485 causa
1263 449 1408 497 salutis,

287 509 338 545 30
443 508 482 544 Si
514 517 606 553 quos
638 516 745 542 error
775 511 888 553 amat,
921 505 1035 542 hosce
1066 505 1166 541 salus
1199 505 1396 550 reprobat.

383 567 504 603 Porro
537 563 618 600 dies
649 563 715 599 ille
747 561 952 608 complebit
983 565 1068 598 vata
1100 561 1268 608 Sibyllae

442 622 568 666 Atque
599 620 869 666 prophetarum
902 619 1121 664 comprobat
1153 618 1345 668 indicium,

386 678 521 718 Cordis
553 680 589 712 et
619 687 759 713 arcana
789 675 880 712 fient
912 675 981 711 hoc
1012 679 1183 721 tempore
1212 676 1339 722 plana,

443 735 528 771 Illic
559 744 643 770 sero
674 740 808 779 gemet,
841 743 949 779 quem
982 732 1094 768 modo
1127 733 1223 769 risus
1257 732 1382 772 habet.

289 792 339 829 35
388 793 457 829 Ille
490 791 570 828 dies
602 790 696 826 mire
726 790 856 837 pravis
888 789 1085 826 advenerit
1117 790 1210 836 irae,

443 849 542 894 Quos
575 858 754 894 reparare
786 846 896 883 modo
927 846 1031 883 nulla
1063 846 1163 884 valet
1195 846 1304 890 ratio,

387 905 426 943 Si
457 904 564 951 quasi
597 904 720 940 securi
751 908 940 940 sectantes
973 903 1167 940 commoda
1200 903 1329 939 mundi

443 962 524 999 Nec
557 966 690 997 curant
721 960 866 997 animas
898 959 1101 996 aedificare
1132 971 1230 996 suas,

387 1019 471 1056 Illic
504 1029 616 1054 causa
647 1018 785 1063 gravis,
819 1028 928 1063 quam
960 1027 1029 1053 nec
1058 1017 1276 1053 incredulus
1308 1016 1430 1065 audis,

290 1076 342 1112 40
446 1076 475 1113 Ο
509 1074 623 1110 miser
652 1074 886 1121 imprudens,
920 1074 1083 1121 pessima
1114 1083 1283 1120 quaeque
1314 1084 1460 1120 gerens,

387 1131 497 1169 Nolis
529 1132 608 1181 sive
640 1132 746 1170 velis,
779 1131 849 1166 1100
880 1131 1059 1167 iudicium
1092 1130 1263 1179 patieris7

445 1188 572 1226 Gestis
604 1194 638 1223 et
672 1189 753 1234 ipse
785 1187 854 1223 tibi
889 1188 1149 1224 discutiendus
1181 1186 1246 1223 ibi.

387 1246 492 1283 Tunc
523 1245 639 1291 igitur
669 1245 816 1291 linques
848 1245 987 1280 invitus
1019 1244 1143 1281 carnis
1174 1253 1333 1289 amores,

447 1303 511 1340 Nil
543 1302 729 1338 mercedis
761 1301 915 1349 habens⁷
949 1301 1007 1337 his
1039 1301 1125 1347 quia
1157 1311 1255 1336 nunc
1287 1298 1438 1347 frueris,

290 1360 342 1397 45
391 1359 466 1397 Sed
497 1359 617 1405 magis
647 1364 841 1395 aeternum
873 1369 942 1404 pro
973 1358 1113 1394 talibus
1144 1357 1217 1393 ibis
1248 1357 1286 1393 in
1318 1357 1453 1405 ignem,

447 1420 527 1461 Quo
560 1416 680 1463 dolor,
712 1415 759 1452 ali
793 1420 828 1451 et
861 1426 930 1451 vae
961 1425 1112 1462 semper
1143 1414 1214 1451 erit
1246 1414 1327 1449 sine
1358 1424 1435 1459 spe.

391 1474 421 1512 O
454 1474 607 1510 nimium
643 1473 780 1515 miseri,
813 1472 950 1508 sentite
982 1472 1104 1508 locum
1137 1470 1342 1507 miserendi

445 1530 497 1567 Et
527 1530 586 1565 vel
618 1529 743 1566 adhuc
777 1528 881 1565 vobis
914 1529 1058 1574 poscite
1089 1529 1194 1575 pacis
1226 1538 1349 1574 opem.

391 1587 551 1635 Currite,
589 1587 674 1623 dum
707 1586 821 1632 quitis
853 1590 889 1621 et
921 1585 1020 1622 vitae
1052 1586 1177 1621 lumen
1209 1583 1368 1628 habetis,

294 1646 344 1682 50
450 1643 546 1680 Dum
581 1650 728 1680 maneat
761 1649 921 1688 1011111115,
954 1654 1026 1678 non
1060 1642 1281 1688 neglegatur
1310 1651 1418 1686 opuS.

311 1705 315 1708 '
393 1700 446 1737 At
475 1700 677 1746 neglegens
709 1705 856 1746 tenipus
889 1698 1001 1735 fuerit
1034 1699 1114 1735 sine
1145 1698 1218 1735 fine
1249 1698 1454 1744 neglectus,

448 1757 555 1802 Quod
587 1757 659 1792 sibi
691 1757 848 1803 quisque
879 1756 980 1803 legit,
1016 1755 1085 1792 hoc
1117 1755 1312 1792 habiturus
1345 1753 1431 1792 erit.

392 1813 488 1850 Nam
521 1824 691 1849 sermone
723 1813 829 1849 brevi
861 1813 1102 1849 concluditur
1133 1813 1193 1848 1110
1225 1812 1358 1847 modus
1391 1811 1441 1857 ei,

450 1871 593 1916 Perpes
627 1871 703 1907 vita
734 1870 853 1911 1101115,
886 1880 986 1906 mors
1017 1870 1097 1906 sine
1128 1869 1203 1905 fine
1235 1868 1355 1907 malis.

296 1931 346 1966 55
393 1926 498 1964 Haec
529 1934 698 1972 pensate,
733 1927 815 1975 viri,
849 1926 965 1962 libeat
998 1926 1136 1962 virtute
1169 1925 1297 1974 potiri,

450 1983 508 2020 Ne
538 1984 670 2019 mortis
702 1983 812 2020 turbo
842 1994 906 2020 vos
937 1983 1061 2029 capiat
1093 1983 1229 2020 subito.

259 2086 372 2127 Opera
397 2090 530 2125 autogr.
557 2084 700 2116 othloni
727 2084 979 2115 Emmeramen.
1006 2093 1094 2114 saec.
1123 2080 1173 2112 11.
1223 2082 1309 2113 Clm.
1335 2082 1517 2112 Monacen.
1546 2077 1674 2111 14490.
