1785 3111
786 80 1096 121 —178—

186 201 222 239 9.
255 198 385 236 Turba
415 197 515 244 quod
546 197 657 233 simul
688 196 848 242 piorum,
1003 195 1067 231 10.
1100 193 1269 231 Gloriam
1303 192 1456 239 dignam
1486 191 1651 229 triformi

310 256 372 301 qui
403 254 484 291 Deo
516 258 601 290 sunt
633 252 808 299 proximi,
1156 250 1355 297 pangimus
1385 250 1592 298 potentiae,

253 312 399 349 Actitet
431 320 547 357 penes
579 320 797 356 supernam,
1097 308 1200 354 Quae
1239 311 1276 343 te
1307 317 1438 343 sanum
1469 306 1572 343 vexit
1603 306 1729 343 isthuc

311 368 514 415 poscimus,
547 366 797 402 clementiam.
907 364 910 368 ’
1155 363 1388 400 Francorum
1420 373 1489 410 per
1519 362 1701 410 regmina.

262 501 346 533 Cod.
369 502 531 533 Vatican.
556 502 640 542 Reg.
665 498 742 531 469.
769 499 825 539 (ol.
846 497 1059 541 Sangallen.)
1083 507 1173 529 saec,
1187 495 1217 529 9.
1236 508 1288 529 ex.
1305 498 1344 529 A.
1363 515 1407 518 —
1425 497 1508 530 Cod.
1527 497 1729 538 Sangallen.

165 545 242 580 899.
269 557 360 580 saec.
385 544 456 579 9f‘1o.
480 547 519 578 B.
544 563 588 568 —
613 544 644 584 9,
663 544 683 576 3
708 546 844 576 Accitet
868 546 908 576 A.

391 738 471 773 131.
512 738 591 778 (11.)
631 738 805 780 Hymnus
832 737 878 770 (le
905 735 1057 771 sanctis
1087 735 1228 778 Sergio
1256 735 1297 769 et
1321 734 1499 770 Baccho.

841 818 1050 858 (Dubius.)

457 936 494 973 1.
527 934 696 982 Pangite‚
733 934 840 979 caeli,
873 933 1071 970 reboemus
1102 932 1208 978 odas⁷

523 991 636 1028 Alma
667 1002 881 1037 promamus
911 990 1063 1027 Domini
1093 994 1263 1036 tropaea,

525 1047 743 1085 Praecluem
775 1047 916 1084 sanctis
948 1046 1181 1083 celebremus
1210 1045 1387 1092 hymnum

644 1104 780 1142 Cordis
812 1105 859 1142 ab
895 1104 982 1141 imo.

456 1220 492 1257 30

526 1218 718 1264 Martyres
750 1217 872 1254 sancti
902 1217 1047 1253 meritis
1078 1216 1272 1261 micantes,

524 1274 688 1323 Sergius,
722 1274 908 1321 Bacchus,
941 1273 1033 1310 socii
1065 1283 1215 1319 corona,

524 1332 657 1377 Carnis
689 1342 708 1367 e
741 1332 907 1368 claustro
938 1331 1084 1377 pariter
1114 1329 1312 1376 migrando

644 1388 778 1425 Sidera
809 1399 937 1434 supra,

455 1504 491 1541 3.
528 1502 709 1541 Athletae
741 1500 856 1538 fausti
887 1500 1038 1537 Domini
1063 1500 1231 1547 superni,

524 1559 650 1596 Morte
683 1559 831 1595 devicta
862 1558 1069 1603 superastis
1100 1568 1205 1593 arma

524 1616 654 1653 Hostis
686 1615 831 1661 antiqui
862 1615 979 1650 trucis
1011 1619 1122 1660 atque
1155 1612 1271 1650 cosmi

644 1672 777 1709 Carnis
807 1681 939 1718 agone.

453 1788 488 1824 4.
524 1785 645 1831 Nune,
680 1785 846 1821 coronati
879 1784 968 1820 fidei
999 1782 1141 1830 favore,

524 1844 602 1879 Vos
634 1842 759 1886 decus,
794 1842 913 1878 virtus
945 1841 1187 1887 sequiturque
1218 1845 1398 1885 stemma,-

523 1899 619 1936 Esse
651 1898 825 1935 caelestis
856 1898 1045 1934 meruistis
1077 1897 1164 1944 agni

644 1955 832 2002 Sanguine
863 1955 942 1993 loti.

454 2070 492 2107 5.
526 2069 596 2114 Qui
626 2069 710 2115 pius
741 2068 871 2105 mundi
905 2068 1005 2105 Deus
1036 2072 1072 2103 et
1103 2067 1334 2115 redemptor,

522 2126 675 2173 Martyr
706 2132 741 2162 et
773 2125 880 2161 miles
913 2125 1066 2162 radians
1099 2124 1243 2172 herilis,

524 2183 625 2220 Rore
656 2183 832 2220 robustus
863 2192 970 2218 roseo
1002 2181 1135 2218 salutis

643 2239 841 2276 Schemate
873 2239 985 2275 servi.

455 2355 491 2391 6.
525 2352 642 2398 Quem
675 2356 783 2389 vocat
814 2351 910 2388 votis
941 2351 1063 2397 polus,
1095 2350 1209 2395 unda,
1241 2348 1366 2393 tellus,

524 2410 715 2455 Quemque
746 2408 940 2446 collaudat
972 2407 1107 2444 chorus
1139 2405 1369 2453 angelorum,

523 2466 665 2512 Tagma
697 2465 870 2502 caelestis
903 2464 1078 2511 Solymae
1110 2471 1296 2510 supernae

642 2522 814 2559 Consona
847 2526 969 2558 cantu.

456 2636 491 2675 7.
524 2636 640 2682 Quem
672 2635 806 2671 timens
838 2639 946 2671 atrox
977 2633 1095 2671 Erebi
1124 2643 1276 2679 vorag0‚

523 2692 756 2728 Daemonum
788 2691 966 2738 princeps
998 2690 1131 2728 metuit
1161 2687 1326 2735 rebellis,

521 2748 686 2785 Zabulus
718 2752 849 2784 taeter.
881 2747 1036 2784 sceleris
1067 2751 1252 2794 repertor,

642 2804 778 2841 Mortis
811 2804 928 2850 origo.
