1785 3111
655 83 963 125 -351—

25 200 62 230 in
92 199 286 240 turpissimi
319 198 359 229 B.
397 215 442 219 —
478 196 560 237 lla,
586 195 607 229 2
639 197 725 229 fehlt
750 198 795 238 Ἐς
822 198 983 230 eductum
1009 198 1047 229 A.
1075 215 1118 219 —
1146 195 1228 236 loa,
1252 196 1275 229 4
1299 197 1406 229 caelis
1431 197 1518 229 fehlt
1542 197 1591 236 A3

25 245 137 276 sancti
162 242 279 285 angeli
303 244 342 275 F.
368 260 413 265 —
440 241 490 281 12,
519 241 535 274 1
562 247 600 275 ut
626 246 742 284 spreta
767 244 807 275 A.
833 262 876 266 —
905 241 955 283 12,
982 241 1002 274 2
1028 253 1096 284 quo
1122 243 1209 275 fehlt
1233 244 1281 283 A3
1307 252 1461 274 mensam
1487 244 1531 274 D.
1549 260 1590 264 —

27 287 77 327 12,
111 287 133 320 4
165 292 198 321 te
231 290 312 331 quie
346 289 396 320 A.-
427 292 461 320 te
492 289 606 320 Deum
642 290 811 320 sumimus
843 289 882 321 F.
915 306 958 310 —
993 287 1043 328 12,
1079 287 1099 319 5
1131 298 1298 320 canamus
1327 289 1399 320 DF.
1424 305 1470 310 —
1493 288 1591 319 Mel.:

24 331 129 366 Laus
155 333 233 374 tibi,
263 331 406 366 Christe
429 332 495 375 qui
519 342 553 366 es
580 335 729 366 creator.

537 491 619 526 271.
656 490 714 533 (8.)
749 491 807 526 De
833 490 1081 534 Virginibus.

486 587 522 624 1.
569 586 774 623 Exsultent
805 584 907 623 filiae
938 585 1027 622 Sion

569 654 608 680 in
640 653 729 689 rege
760 653 840 688 suo,

30 746 51 782 2
71 755 104 784 a.
138 743 360 781 Nescientes
393 744 542 781 thorum
847 745 869 782 2
889 743 926 782 b.
957 745 1134 791 Quarum,
1169 743 1331 791 Christe,
1364 754 1524 789 sponsus

141 800 271 838 delicti
304 801 459 838 crimine
959 801 1146 847 virginum
1179 800 1335 847 virginis

142 858 393 903 sordidatum,
961 868 1000 894 es
1031 856 1145 898 filius,

31 961 104 999 3a.
139 959 253 997 Cuius
285 960 429 1006 gratiae
849 958 927 997 310.
961 960 1013 998 Ut
1047 959 1113 995 das
1147 969 1301 995 cernere

144 1016 242 1053 mira
271 1026 387 1062 opera
960 1016 1031 1052 hac
1061 1016 1101 1052 in
1133 1016 1289 1063 virgine,

142 1073 181 1109 in
211 1072 352 1109 sanctis
383 1073 458 1110 tuis
961 1073 1065 1109 cuius
1099 1071 1197 1109 festa

143 1134 231 1166 sunt
261 1130 410 1177 merita,
961 1134 1047 1166 sunt
1078 1130 1204 1168 hodie.

31 1234 107 1272 4a,
139 1232 242 1279 Quae
276 1230 405 1280 fragili
851 1232 930 1270 4b.
962 1233 1184 1279 Angelicam

144 1299 238 1326 sexu
270 1288 433 1326 femineo
963 1289 1025 1325 hic
1057 1290 1170 1326 vitam
1204 1289 1375 1339 duxerat,

145 1346 308 1383 viriliter
645 1376 649 1380 ,
962 1346 1000 1382 in
1034 1357 1146 1382 carne
1179 1346 1267 1383 dum

146 1403 270 1440 carnis
300 1403 383 1440 iure
415 1403 556 1440 domito
965 1408 1117 1449 praeter
1149 1413 1299 1439 carnem
1332 1403 1491 1440 vixerat.

35 1509 55 1544 5
75 1517 108 1545 a.
140 1505 224 1543 Hoc
255 1506 416 1542 miratur
854 1508 875 1543 5
894 1505 930 1542 b.
961 1505 1067 1550 Quod
1101 1516 1236 1541 nocere

146 1573 303 1609 serpens
335 1563 523 1611 antiquus⁷
968 1562 1054 1598 dum
1088 1563 1337 1612 machinatur,

149 1620 364 1656 calcaneum
397 1619 476 1655 eius
967 1619 1034 1655 suh
1066 1619 1228 1665 pedibus
1260 1618 1423 1656 feminae

150 1676 379 1714 observabat
411 1676 584 1714 callidus.
968 1682 1079 1722 caput
1111 1676 1190 1712 eius
1222 1676 1371 1714 teritur.

37 1780 60 1817 6
78 1790 112 1817 a.
142 1779 307 1816 Insidias
338 1779 458 1815 hostis
857 1780 879 1816 6
899 1777 935 1816 b.
968 1778 1067 1815 Dum
1098 1788 1173 1814 non
1204 1778 1446 1828 consentiret,

154 1835 263 1883 hanc,
297 1835 460 1877 Christe,
495 1835 655 1872 docuisti
969 1835 1037 1872 sed
1067 1835 1124 1871 illi
1155 1835 1363 1882 resisteret,

150 1893 334 1939 virginem
367 1893 518 1929 vincere
970 1892 1122 1928 vincere
1153 1892 1217 1939 qui
1248 1892 1357 1937 solet,

147 1949 185 1985 in
217 1949 342 1996 prima
373 1949 650 1996 congressione.
970 1953 1176 1995 temptatus
1209 1949 1239 1985 si
1269 1960 1344 1985 non
1375 1954 1572 1996 repugnet,

37 2050 57 2089 7
78 2062 111 2088 a.
145 2051 260 2096 Quem
290 2051 384 2088 haec
414 2051 520 2098 virgo
857 2052 876 2089 7
896 2050 933 2090 b.
965 2051 1045 2097 Quo
1077 2049 1206 2097 fugato

147 2108 328 2144 resistens
359 2119 382 2145 a
413 2119 452 2145 se
968 2108 1289 2156 adpropinquavit

150 2163 241 2201 fecit
271 2164 414 2212 fugere,
967 2165 1037 2201 tibi
1067 2164 1241 2202 Domino.

40 2256 113 2294 Sa.
145 2255 242 2293 Nam
285 2256 386 2292 inter
422 2256 586 2303 virgines
616 2256 784 2294 adducta
856 2256 878 2293 8
898 2255 933 2293 b.
967 2255 1020 2292 Te
1051 2266 1188 2302 agnum
1219 2255 1301 2292 sine
1330 2256 1479 2294 macula

149 2317 235 2358 post*
267 2323 362 2361 eam,
395 2324 490 2359 quae
969 2313 1043 2349 iam
1075 2313 1244 2358 sequitur

151 2373 207 2405 est
238 2373 359 2406 mater
389 2369 544 2420 intacta,
969 2370 1066 2406 stola
1092 2369 1270 2418 candida,

152 2425 340 2473 virginum
374 2426 544 2473 virginis,
972 2425 1089 2462 filium
1122 2427 1292 2473 virginis,

151 2482 299 2519 Mariae
331 2483 444 2529 digna
476 2488 532 2520 est
970 2492 1214 2529 quocumque,
1246 2483 1432 2529 virginum

149 2539 390 2586 pedissequa.
970 2538 1050 2589 flos,
1084 2540 1187 2577 ieris.

495 2632 533 2667 9.
580 2630 693 2668 Cuius
724 2629 996 2666 intercessione

584 2692 623 2723 tu
655 2698 723 2724 nos
755 2690 873 2724 tuere.

0 2802 1 2823 ἶ
137 2773 241 2808 Grad.
278 2786 340 2808 ms
374 2776 582 2821 Secoviense
619 2776 660 2817 (·?)
696 2786 785 2808 saec.
826 2774 876 2807 1⁶2.
935 2776 1016 2808 Cod.
1050 2777 1294 2809 Vindobonen.
1330 2775 1456 2809 13314.
1491 2777 1530 2807 A.
1563 2796 1606 2799 -—

0 2839 3 2869 ᾗ
43 2819 146 2853 Grad.
179 2832 241 2853 ms.
274 2822 529 2854 Ottoburanum
562 2832 652 2854 saec.
689 2820 740 2853 1⁸2.
776 2821 862 2853 Clm.
893 2823 1074 2854 Monacen.
1107 2820 1237 2854 27130.
1271 2824 1308 2855 ss.
1346 2840 1390 2845 --
1413 2824 1515 2863 Trop.
1542 2833 1603 2853 ms.
