1785 3111
687 47 992 88 *173—

401 192 482 229 124.
518 193 577 235 (4.)
615 193 660 227 In
686 193 871 228 Natalem
897 193 1029 228 sancti
1055 192 1280 228 Mammetis

484 264 682 305 Hymnus
717 263 913 295 eiusdem
948 264 1202 295 Strabonis.

77 355 113 394 1.
145 355 316 392 Laudem
347 355 450 393 beati
480 355 658 403 martyris
924 357 958 394 7.
992 356 1123 403 Magni
1155 354 1264 393 favor
1294 355 1487 402 praeconii

145 413 208 449 Ad
237 412 420 449 trinitatis
451 412 610 459 gloriam
990 412 1162 449 Debetur
1190 413 1255 449 isti
1285 413 1456 463 martyri,

146 468 307 507 Sanctae
339 479 517 506 canamus
548 469 754 516 supplices,
992 470 1059 507 Cui
1092 470 1266 507 Christus
1297 474 1396 506 esset
1428 470 1566 518 vivere,

145 525 249 572 Quae
280 525 345 563 dat
377 536 554 563 coronam
585 526 759 564 testibus.
989 526 1155 563 Lucrum
1186 527 1326 564 resolvi
1357 527 1575 565 maximum.

75 630 111 668 2.
143 627 320 665 Adversa
350 628 481 666 mundi
511 628 681 679 pertulit,
922 630 957 667 8.
990 628 1134 666 Mansit
1165 628 1259 665 fides
1290 629 1328 665 in
1360 633 1529 675 pectore.

143 684 316 723 Calcavit.
348 685 429 723 eius
460 696 658 732 prospera,
991 685 1085 732 Spes
1116 690 1241 722 mente
1273 684 1365 722 felix
1398 686 1556 735 integra,

141 742 326 779 Mammes
356 741 505 779 tonanti
535 742 718 791 reddidit,
990 742 1061 779 His
1092 742 1213 779 maior
1242 743 1348 778 illum
1383 742 1522 779 caritas

143 799 251 845 Quod
281 810 352 845 pro
383 799 458 836 reis
489 799 552 836 hic
573 809 706 845 passus
729 804 800 837 est.
990 800 1110 845 Intus,
1143 797 1237 836 foris
1268 799 1506 846 possederat,

71 902 108 939 3.
144 900 303 947 Virtute,
337 901 427 948 vita,
460 900 640 948 moribus,
916 902 955 939 9.
987 900 1165 938 Exsultet
1195 900 1316 937 omnis
1348 901 1562 947 supplicum

140 957 320 995 Sermone
349 957 656 1004 iucundissimus,
988 958 1126 995 Coetus
1158 968 1292 994 sereno
1324 958 1463 1005 gaudio

138 1015 184 1051 In
216 1014 385 1051 caritatis
417 1014 542 1062 gratia
988 1014 1110 1051 Huius
1141 1014 1262 1061 patris
1294 1014 1472 1062 suffragia

141 1071 299 1118 Semper
331 1081 485 1108 manens
518 1071 737 1121 ditissimus,
988 1072 1124 1109 Pronis
1155 1072 1324 1119 rogando
1357 1071 1549 1111 cordibus,

67 1174 105 1212 4.
139 1173 329 1220 Spernens
360 1184 451 1220 opes
484 1184 567 1210 cum
599 1173 748 1211 casibus
893 1175 957 1212 10.
991 1174 1056 1221 Te,
1074 1178 1231 1224 martyr,
1245 1185 1334 1222 ergo
1346 1185 1620 1226 quaesummus,

136 1230 274 1268 Mundi
304 1231 481 1277 supernis
512 1230 664 1277 institit,
988 1232 1187 1277 Mammes,
1221 1230 1307 1269 fave
1338 1232 1595 1282 poscentibus,

135 1287 252 1324 Liber
284 1287 438 1324 caducis
469 1288 563 1324 exiit
990 1288 1106 1325 Sacro
1137 1292 1296 1335 precatu
1327 1294 1496 1336 protege,

140 1344 205 1381 Nil
235 1344 406 1381 ambiens
438 1355 485 1381 ex
516 1344 667 1385 infimis.
987 1346 1086 1392 Quos
1115 1346 1272 1382 instruis
1304 1346 1522 1383 certamine.

67 1449 103 1485 5.
137 1447 243 1484 Mitis
275 1447 433 1484 domans
466 1447 626 1484 immitia
888 1448 952 1488 11.
987 1448 1171 1494 Impende
1204 1459 1331 1485 curam
1367 1448 1540 1496 dapsilis,

138 1504 293 1551 Illisque
324 1514 502 1550 promens
533 1504 694 1550 mystica
983 1504 1107 1542 Aufer
1138 1506 1278 1542 malum
1310 1505 1523 1555 placabilis,

136 1561 299 1600 Vivebat
329 1561 430 1598 inter
460 1561 613 1607 bestias,
984 1560 1125 1599 Confer
1156 1562 1243 1599 boni
1276 1563 1418 1599 solacia

136 1619 216 1664 Quo
248 1618 329 1654 cive
359 1618 527 1666 gaudent
557 1619 694 1664 angeli.
985 1619 1095 1656 Vitae
1125 1619 1297 1666 parando
1329 1620 1511 1666 praemia.

65 1722 102 1760 6.
133 1720 299 1758 Adiutus
331 1721 446 1758 armis
478 1721 635 1768 spiritus
888 1722 952 1761 12.
987 1721 1043 1759 Sit
1075 1721 1238 1758 trinitati
1268 1721 1399 1771 gloria,

134 1777 236 1814 Vicit
266 1775 414 1814 furores
446 1778 673 1827 principum,
984 1779 1126 1827 Virtus,
1160 1778 1281 1815 honor
1307 1789 1377 1825 per
1407 1778 1571 1824 saecula,

134 1834 245 1872 Saevi
277 1834 452 1872 draconis
485 1840 683 1872 conterens
984 1836 1085 1881 Quae
1118 1847 1185 1872 nos
1218 1835 1341 1872 beatis
1373 1840 1584 1883 martyrum

134 1891 260 1928 Sacris
292 1896 405 1938 caput
439 1891 647 1928 conatibus.
984 1892 1142 1938 Semper
1172 1892 1273 1932 iuvet
1303 1891 1505 1938 suffragiis.

141 2004 222 2037 Cod.
249 2004 408 2036 Vatican.
441 2005 524 2046 Reg.
550 2002 628 2036 469.
661 2003 759 2045 (olim
785 2005 1000 2047 Sangallen.)
1025 2016 1113 2037 saec.
1140 2003 1170 2036 9.
1203 2016 1255 2036 ex.
1282 2006 1321 2036 A.
1348 2022 1392 2026 m—
1418 2005 1499 2036 Cod.
1529 2005 1613 2036 San-

47 2050 174 2091 gallen.
206 2047 284 2082 869.
320 2060 412 2082 saec.
444 2048 475 2081 9.
511 2061 563 2081 ex.
598 2051 636 2082 B.
663 2067 706 2071 —
736 2049 765 2084 5,
793 2048 814 2081 2
839 2061 1003 2092 promans
1038 2051 1167 2093 korrig.
1198 2061 1358 2092 promens
1385 2052 1422 2082 B.
1450 2068 1491 2072 —
1520 2048 1570 2089 12,
1596 2048 1618 2082 4

47 2095 146 2127 iuvat
169 2096 208 2127 B.
234 2113 279 2118 -—
304 2096 487 2137 „Hymnus
513 2097 549 2127 in
574 2096 692 2127 natale
718 2094 893 2128 eiusdem‘³
922 2096 961 2127 A.

341 2242 421 2278 125.
457 2243 514 2284 (5.)
550 2242 724 2286 Hymnus
751 2242 884 2277 sancti
908 2242 1090 2277 Ianuarii
1116 2241 1325 2285 Martyris.

336 2339 371 2375 1.
404 2338 533 2382 Festa,
566 2346 662 2383 quae
692 2347 827 2383 magno
859 2337 1015 2373 colimus
1047 2347 1217 2383 novoque

407 2393 567 2442 Gaudio,
601 2398 747 2440 martyr
777 2394 974 2430 Ianuarius
1006 2405 1092 2430 mox

402 2450 547 2487 Fautor
576 2449 709 2487 invisit
740 2450 976 2497 Dominoque
1005 2451 1160 2488 laudum

590 2507 752 2544 Munera
782 2505 941 2553 perfert.

333 2612 355 2647 10

362 2640 370 2648 .
402 2609 574 2647 Additur
608 2613 713 2646 tanto
745 2609 895 2655 penitus
927 2607 1049 2646 favori

405 2666 546 2704 Caesar
577 2665 736 2702 illustris
769 2666 1007 2713 cumulatque
1038 2670 1126 2703 vota

401 2723 554 2761 Nomini
585 2722 685 2759 trino
714 2727 792 2767 tua⁷
824 2723 930 2770 pacis
960 2723 1122 2771 auctrix,

589 2781 745 2826 Pompa,
776 2779 946 2817 Lothari.
