1785 3111
727 69 1038 110 —112—

175 213 183 223 .
215 183 397 230 Misitque
427 184 504 221 late
535 184 707 231 gentibus

215 240 377 277 Verbum
412 241 544 278 salutis
574 241 745 287 pandere

214 298 272 335 Ac
303 297 443 334 saeculi
475 298 521 333 de
551 296 727 334 fluctibus

214 355 364 391 Mentes
395 354 523 390 levare
555 355 741 393 credulas,

173 497 181 505 .
213 468 282 513 Qui
313 478 399 503 mox
432 466 521 504 fidei
552 467 730 513 lampade

214 525 311 562 Dum
345 524 484 560 lustrat
516 535 601 560 oras
635 524 831 572 Graeciae,

215 580 360 626 Dieque
392 580 536 617 Christi
566 579 734 626 fulgidus

213 637 368 673 Erroris
398 637 552 674 umbras
585 636 734 684 effugat.

172 779 179 787 .
212 749 390 786 Achaeus
422 750 537 786 armis
567 750 714 796 adpetit

213 805 299 842 Dux
331 806 428 842 lucis
459 818 564 843 arma
595 807 750 856 tetricis,

216 863 329 900 Miles
362 863 434 900 Dei
466 864 532 900 sed
565 862 716 900 fortiter

218 919 351 956 Hostis
385 920 539 966 repellit
568 920 763 969 impetum.

177 1061 185 1070 .
217 1030 358 1069 Pandit
395 1033 515 1070 crucis
546 1034 739 1082 mysteria,

217 1090 321 1136 Quae
354 1090 437 1127 dira
467 1091 599 1127 mortis
631 1090 814 1137 pristinae

216 1145 338 1183 Solvit
369 1150 544 1193 potenter
576 1147 725 1184 vincula

213 1203 433 1250 Mundoque
462 1204 574 1240 vitam
609 1204 780 1242 contulit.

172 1346 180 1353 .
213 1317 313 1362 Agni
347 1316 466 1353 refert
498 1322 533 1353 et
567 1317 739 1363 hostiani,

214 1374 285 1419 Qui
318 1385 384 1410 nos
417 1373 464 1410 ab
498 1374 606 1410 hoste
638 1374 805 1411 liberans

214 1430 302 1466 Vita
334 1431 422 1467 beat
454 1435 558 1467 trans
590 1431 746 1468 aethera

216 1487 420 1534 Regnoque
453 1498 577 1524 secum
608 1488 771 1534 perpeti.

965 185 1004 222 8.

937 753 1001 790 10.

939 1035 1004 1072 11.

939 1319 1004 1356 12.

1034 184 1207 222 Inclusus
1237 188 1320 222 atro
1352 194 1505 221 carcere

1034 241 1150 280 Lucis
1181 241 1353 278 minister
1384 251 1499 278 aurea

1033 298 1143 336 Pacis
1175 298 1254 335 vias
1285 298 1334 335 ad
1365 297 1494 334 sidera

1037 355 1174 392 Pandit
1206 355 1367 392 catervis
1400 353 1580 400 plebium.

1034 468 1174 505 Caesus
1206 466 1366 514 flagellis
1397 467 1539 515 septies

1032 525 1238 562 Tormenta
1268 524 1353 560 risit
1383 523 1520 571 omnia,

1033 581 1198 628 Septena
1229 591 1338 627 quem
1369 581 1611 627 repleverant

1034 638 1113 675 Iam
1146 638 1245 675 dona
1275 637 1395 674 sancti
1427 637 1596 683 spiritus.

1034 751 1204 788 Tandem
1236 751 1382 787 levatus
1415 751 1452 787 in
1485 760 1633 787 crucem

1033 808 1191 844 Terram
1222 807 1375 853 reliquit
1401 807 1596 844 sordidam

1032 864 1263 911 Mundisque
1295 863 1387 900 felix
1419 863 1594 911 passibus

1038 921 1120 958 Poli
1152 921 1287 968 petivit
1316 920 1460 960 ianuas.

1036 1034 1199 1081 Excepit
1230 1035 1329 1071 alma
1362 1033 1495 1070 civitas

1038 1091 1294 1138 Nostrumque
1324 1095 1445 1128 mater
1475 1090 1638 1127 omnium

1037 1148 1198 1185 Laetata
1230 1148 1370 1186 Christi
1401 1150 1606 1194 martyrem

1039 1205 1337 1251 Apostolumque
1367 1203 1583 1242 maximum.

1038 1318 1261 1366 Congaudet
1291 1317 1411 1354 omnis
1444 1316 1579 1353 civium

1034 1374 1155 1411 Nobis
1188 1375 1324 1411 chorus
1357 1374 1573 1410 caelestium

1034 1431 1164 1479 Magni
1198 1432 1329 1468 videns
1359 1431 1541 1477 perennia

1037 1489 1148 1526 Nunc
1176 1488 1357 1525 Andreae
1388 1487 1595 1524 sollemnia.

190 1599 385 1631 Cassander
422 1600 443 1630 l.
470 1610 498 1630 c.
533 1610 564 1640 p.
597 1597 663 1631 508
689 1610 762 1641 sqq.
790 1617 830 1621 —
861 1598 889 1638 1,
916 1598 936 1630 2
961 1600 1117 1631 vocibus.
1144 1617 1186 1622 ·—
1212 1598 1242 1637 5,
1268 1598 1288 1630 ‘2
1315 1600 1401 1631 lucis
1435 1599 1543 1639 alma3
1575 1598 1664 1629 dazu

97 1654 151 1674 am
179 1644 318 1675 Raude:
354 1646 441 1676 forte
478 1655 584 1677 arma.
610 1662 653 1666 --
680 1646 747 1677 Str.
776 1644 790 1676 1
818 1646 887 1676 und
917 1643 958 1676 12
983 1645 1070 1676 auch
1097 1647 1133 1676 in
1159 1646 1302 1677 Collect.
1330 1656 1391 1676 ms.
1418 1646 1452 1677 S.
1478 1643 1662 1675 Michaelis

100 1690 330 1730 Bambergen.
365 1700 453 1721 saec.
490 1687 575 1721 ¹⁰'11.
626 1691 707 1722 Cod.
734 1691 962 1733 bambergen.
990 1692 1015 1721 B
1042 1692 1075 1722 II
1103 1689 1144 1722 10
1167 1692 1217 1729 (in
1243 1691 1391 1722 Alkuins
1417 1690 1565 1721 Traktat
1591 1690 1663 1730 „De

97 1734 204 1766 laude
231 1734 342 1773 Dei“).
370 1754 413 1756 —
444 1735 469 1774 1,
498 1734 518 1766 ‘2
544 1737 728 1767 inentibus.
755 1755 797 1759 —
827 1734 878 1774 12,
905 1736 926 1766 3
951 1736 1074 1768 videns
1104 1738 1268 1778 praemia.

480 1894 538 1927 no.
575 1893 654 1934 (12.)
690 1893 733 1926 In
761 1893 897 1928 Natali
923 1893 1054 1928 sancti
1081 1893 1276 1928 Andreae.

697 1963 893 2003 Hymnus
928 1962 1057 1994 alter.

149 2055 187 2093 1.
220 2054 344 2097 Salve„
378 2058 572 2099 tropaeum
606 2054 761 2101 gloriae5
962 2056 1000 2092 4.
1034 2055 1105 2097 En,
1135 2054 1245 2090 ludus
1277 2057 1333 2090 est
1364 2053 1597 2090 credentium

218 2111 342 2159 Salve,
378 2121 524 2146 sacrum
555 2111 735 2147 victoriae

221 2167 387 2215 Signum,
421 2167 522 2203 Deus
555 2178 626 2213 quo
658 2168 848 2215 perditum

216 2224 401 2261 Mundum
435 2224 595 2260 redemit
623 2225 811 2260 mortuus!

178 2368 186 2377 .
220 2337 249 2374 O
281 2336 444 2383 gloriosa
477 2335 631 2383 fulgidis

221 2393 321 2431 Crux
349 2393 486 2430 emicas
519 2393 733 2440 virtutibus,

219 2451 335 2497 Quam
370 2450 543 2486 Christus
574 2451 656 2496 ipse
687 2449 833 2497 proprii

221 2506 405 2544 Membris
439 2506 580 2542 dicavit
612 2507 794 2552 corporis,

180 2651 188 2660 ,
220 2619 414 2665 Quondam
448 2629 564 2665 genus
595 2620 809 2656 mortalium

214 2676 324 2713 Metu
354 2675 551 2722 premebas
584 2676 739 2723 pallido,

217 2733 269 2770 At
297 2743 395 2768 nunc
426 2732 549 2778 reples
581 2731 748 2769 fidelium

217 2789 358 2827 Amore
387 2789 487 2825 laeto
518 2792 685 2834 pectora.

961 2623 999 2659 6.

1033 2111 1123 2147 Tuis
1157 2109 1230 2147 frui
1263 2110 1532 2156 complexibus,

1035 2168 1137 2212 Quae
1168 2172 1272 2204 tanta
1303 2167 1424 2214 gignis
1454 2166 1591 2213 gaudia

1037 2224 1176 2260 Pandis
1208 2224 1359 2270 polique
1389 2224 1532 2261 ianuas,

995 2367 1004 2376 .
1037 2341 1140 2383 Quae
1172 2337 1378 2374 conditoris
1409 2336 1539 2373 suavia

1034 2396 1126 2432 Post
1156 2393 1324 2430 membra
1355 2393 1462 2430 nobis
1493 2393 1645 2429 suavior

1033 2451 1086 2487 Es
1118 2451 1228 2487 melle
1259 2449 1361 2487 facta
1387 2453 1425 2486 et
1454 2448 1625 2486 omnibus

1034 2508 1210 2544 Praelata
1239 2506 1369 2544 mundi
1400 2505 1616 2545 honoribus.

1032 2620 1085 2656 Te
1116 2630 1215 2657 nunc
1244 2618 1352 2655 adire
1383 2618 1564 2664 gratulor,

1030 2677 1084 2713 Te
1115 2675 1285 2712 caritatis
1317 2675 1483 2712 brachiis

1030 2732 1281 2779 Complector,
1313 2732 1363 2768 ad
1395 2730 1573 2768 caelestia

1030 2788 1254 2827 Conscendo
1285 2798 1354 2834 per
1384 2791 1421 2824 te
1451 2786 1599 2834 gaudia.
