1785 3111
300 1559 318 1595 Ᾰ]

265 2376 327 2413 10.

263 2649 328 2686 11.

702 84 1014 125 -233—

390 194 583 233 Laudibus
617 196 751 246 dignis,
787 198 967 237 bonitatis
997 205 1142 253 auctor,

389 252 551 298 Magnus
581 253 620 290 in
651 255 795 302 magnis
827 255 956 303 opifex
989 257 1121 296 beatus

389 308 533 346 Cuncta
564 310 760 358 dispensat
792 312 1009 351 dominante
1041 320 1134 353 nutu

605 367 824 416 Sceptriger
855 370 971 411 orbis.

387 466 494 514 Spes,
525 469 627 505 salus
659 471 801 520 mundi,
834 471 919 518 pius
950 472 1031 519 ipse
1063 478 1203 520 rector,

387 524 594 562 Conterens
625 537 764 572 pravos
793 528 951 565 humiles
984 535 1160 576 coronat3

387 581 569 619 Sublevat
600 584 718 620 valles
750 586 999 632 reprimitque
1032 592 1177 624 montes

604 640 714 677 Celsa
745 645 926 687 potestas.

386 741 456 787 Qui
488 739 580 778 facit
611 742 723 778 rectis
752 743 905 780 radiare
938 755 1067 781 verum

384 798 526 834 Lumen
559 799 597 835 in
629 799 754 835 cordis
786 801 1015 847 speculoque
1047 802 1201 850 mentis,

383 855 482 901 Quos
513 855 604 902 tegit
641 866 792 902 semper
822 857 965 902 pietate
997 859 1147 905 pollens

599 911 784 949 Conditor
813 913 947 953 almus.

382 1013 587 1059 Pauperes,
621 1014 731 1063 dites,
765 1015 863 1064 laici,
897 1021 1085 1067 potentes,

380 1070 410 1108 O
442 1074 620 1107 coronate
652 1071 839 1108 clericalis
864 1074 972 1123 ordo,

380 1126 510 1164 Omnis
539 1128 675 1164 aetatis
708 1129 822 1165 decus
853 1134 967 1176 atque
998 1142 1121 1182 sexus,

596 1185 772 1223 Plaudite
804 1187 941 1225 cuncti.

381 1286 583 1323 Brachium
616 1287 737 1333 patris
767 1288 935 1325 validum
966 1291 1146 1339 potentis,

379 1342 491 1393 Ecce,
526 1345 707 1390 protrivit
738 1344 864 1382 subita
889 1346 1070 1384 rebellem

378 1399 513 1447 Strage
542 1400 813 1449 Normannum,
847 1402 999 1448 pietatis
1032 1404 1202 1451 hostem3

594 1457 727 1495 Gloria
757 1459 879 1505 patri!

327 1589 334 1596 .
384 1558 573 1596 Proelium
606 1570 739 1606 campo
772 1561 933 1599 struitur
963 1565 1124 1613 patenti,

380 1615 573 1662 Splendor
599 1628 788 1654 armorum
822 1619 947 1656 radiat
978 1631 1048 1667 per
1078 1632 1202 1669 auras7

380 1672 481 1711 Voce
512 1672 721 1710 bellantum
754 1675 860 1712 varia
892 1679 1087 1714 tremescit

591 1731 771 1768 Machina
807 1733 913 1773 caeli.

381 1832 474 1869 Tela
505 1837 730 1880 sparserunt
760 1834 932 1880 geminae
962 1836 1184 1885 phalanges3

379 1888 511 1926 Dauus
542 1888 679 1927 infelix
711 1902 778 1927 sua
811 1891 949 1929 damna
980 1894 1138 1944 quaerit,

376 1945 541 1983 Ferreos
570 1947 711 1984 imbres
743 1948 835 1984 serit
865 1953 978 1996 atque
1009 1949 1091 1987 fixit

593 2006 739 2051 Agmen
772 2015 936 2044 enorme.

384 2105 499 2150 Quem
529 2106 731 2143 sitiverunt
762 2107 888 2144 varios
918 2119 989 2154 per
1019 2120 1149 2160 annOS‚

377 2161 603 2209 Sanguinem
636 2167 787 2200 sumunt
817 2164 944 2201 rabidi
975 2167 1141 2214 tyranni,

376 2218 501 2256 Dulce
532 2218 574 2257 fit
607 2221 752 2257 cunctis
784 2221 925 2258 satiare
956 2227 1089 2269 pectus

593 2277 720 2315 Caede
751 2278 931 2319 virorum,

377 2377 522 2425 Quique
552 2377 733 2415 foderunt
764 2378 907 2425 foveas,
942 2392 1073 2427 ruere;

375 2435 479 2481 Quae
510 2433 583 2472 fuit
613 2435 730 2472 turris
762 2436 919 2473 nimium
951 2438 1128 2487 superba,

376 2491 491 2539 Ecce,
525 2498 704 2529 curvatur
735 2493 895 2530 nihilata
928 2494 1078 2533 Christo

589 2548 691 2586 Gens
722 2549 888 2590 inimica.

380 2649 571 2688 Sternitur
601 2651 757 2698 grandis
788 2653 1025 2700 populusque
1057 2653 1180 2703 fortis,

377 2706 473 2744 Tota
506 2708 670 2744 contrita
702 2711 759 2744 est
790 2709 993 2748 maledicta
1024 2723 1161 2760 massa,

372 2762 508 2801 Sorbet
539 2776 580 2801 os
611 2765 744 2801 mortis
776 2765 945 2803 subolem
977 2769 1201 2819 malignam3

587 2821 688 2858 Laus
718 2821 799 2871 tibi,
835 2823 1010 2862 Christe!
