1785 3111
167 174 234 213 63.

169 565 233 601 64.

168 956 234 993 65.

793 56 1102 97 ——636—

282 173 339 209 Tu
371 183 436 209 vas
469 170 604 220 mellis,
637 170 750 207 lactis
780 174 878 221 uter,

280 228 490 275 scaturigo,
524 225 607 264 fons
639 230 677 264 et
703 227 803 264 luter

335 284 561 332 Purgativus
593 283 775 330 sordium,

279 342 420 380 Christi
452 341 571 377 lectus
606 344 643 377 et
670 340 819 387 lectica,

281 398 439 446 Sponsa,
471 400 594 434 mater
625 401 661 433 et
693 397 823 447 amica,

337 455 470 491 Velum
503 458 538 490 et
569 454 786 492 tentorium.

282 564 339 600 Tu
371 561 455 600 fons
487 573 537 607 es,
569 562 632 609 qui
663 573 737 599 non
759 562 913 610 arescis,

283 620 339 656 Tu
356 619 424 657 fios
443 630 494 669 es,
527 619 589 666 qui
606 630 681 656 non
697 618 913 666 marcescis,

340 676 514 715 Paradisi
546 675 678 725 lilium,

282 733 336 771 Tu
370 733 537 770 nutantis
570 743 609 769 es
639 732 814 782 bacillus,

283 790 339 827 Tu
371 790 536 827 tonantis
569 800 606 826 es
638 789 820 836 pulvillus

337 847 388 884 Et
418 846 714 885 reclinatorium.

281 957 339 994 Tu
369 954 534 1001 portella
565 955 691 1001 procis
723 954 865 1004 clausa,

281 1012 391 1050 Salus
422 1012 558 1057 aegris,
592 1010 703 1048 fessis
735 1021 869 1059 pausa,

335 1068 526 1105 Tristibus
556 1067 781 1116 tripudium,

280 1125 541 1162 Sabbatismus
574 1123 743 1171 fatigatis

222 1209 224 1211 »
280 1182 331 1219 Et
362 1181 549 1218 morbosis
581 1181 756 1218 sanitatis

168 1343 235 1382 66.

169 1728 235 1767 67.

172 2113 239 2151 68.

175 2498 198 2536 6
204 2500 240 2536 9..

338 1239 392 1275 Es
424 1238 682 1276 electuarium.

283 1342 341 1379 Tu
372 1341 554 1378 naucleri·
571 1340 692 1377 nostri
721 1340 846 1391 linter,

284 1398 341 1435 Tu
374 1398 510 1434 catella
541 1398 620 1435 sive
651 1397 798 1443 spinter

342 1456 440 1492 Luto
471 1455 628 1501 iungens
660 1453 827 1503 figulum,

283 1512 339 1548 Tu
371 1511 535 1559 pastoris
568 1522 606 1547 es
638 1510 797 1561 magale,

289 1569 368 1614 Qua
400 1568 532 1605 fideles
564 1568 611 1604 ad
644 1567 759 1604 vitale

338 1625 463 1662 Minat
497 1636 585 1661 oves
617 1624 811 1670 pabulum.

284 1729 380 1777 Ave,
414 1727 531 1777 virgo,
565 1738 697 1764 norma
728 1738 887 1772 morum,

283 1786 376 1832 Ave,
410 1784 498 1820 lima
531 1783 722 1832 vitiorum,

342 1843 436 1888 Ave,
470 1850 575 1876 serra
606 1841 788 1885 sordium,

284 1900 378 1941 Ave,
411 1897 522 1943 pyxis
556 1896 719 1945 deitatis,

284 1955 378 2000 Ave,
412 1963 578 1990 summae
609 1953 818 1991 maiestatis

342 2011 497 2048 Sacrum
529 2009 771 2047 breviarium.

287 2114 383 2159 Ave,
417 2112 522 2158 virgo
553 2111 628 2158 pia,
661 2122 757 2157 quae
787 2121 855 2148 nos

288 2168 589 2206 Proseuchantes
621 2172 658 2204 et
689 2178 825 2215 egenos

343 2225 511 2264 suscitas
544 2225 590 2261 de
622 2225 801 2274 pulvere,

291 2282 430 2319 Nostra
466 2285 635 2318 nostrum
668 2281 799 2318 herum
831 2281 923 2318 hera

289 2338 402 2375 Salva
433 2342 557 2375 tamen
590 2338 666 2375 alvi
697 2348 782 2375 sera

342 2395 521 2432 Meruisti
551 2404 700 2441 parere.

287 2498 381 2542 Ave,
416 2497 519 2533 cuius
549 2497 614 2543 pia
645 2497 752 2544 prole

286 2554 509 2591 Peccatores
543 2556 630 2589 sunt
660 2564 682 2590 a
712 2553 809 2591 mole

343 2611 589 2647 Peccatorum
620 2609 745 2658 liberi,

287 2670 390 2712 Quae
420 2665 566 2712 potenti
598 2666 722 2702 caelos
753 2667 881 2714 palmo

288 2722 582 2760 Concludentem
616 2722 741 2759 brevis
772 2724 871 2761 almo

343 2779 452 2816 Vallo
483 2779 602 2817 vallas
634 2780 744 2816 uteri.

988 172 1051 210 70.
1098 171 1198 208 Miro
1229 171 1391 218 quodam
1425 175 1649 218 argumento

1100 228 1191 265 Cum
1224 229 1403 264 extremis
1434 228 1655 265 adiumento

1156 284 1343 331 Virginali
1375 285 1500 321 medio

1097 340 1225 378 Minus
1256 340 1375 378 infers
1409 343 1455 379 de
1486 341 1635 387 maiori,

1098 397 1172 435 Sed
1205 402 1243 434 et
1271 398 1391 435 maius
1425 398 1471 435 de
1501 398 1662 445 minori,

1153 453 1263 491 Felix
1295 455 1388 492 haec
1419 454 1554 494 illatio.

992 563 1055 601 71.
1103 564 1199 612 Ave,
1232 563 1351 611 virgo,
1385 563 1488 600 cuius
1521 573 1608 600 rore

1101 620 1268 657 Mundus
1298 624 1385 656 ante
1416 618 1555 656 florens
1586 617 1679 656 flore

1160 676 1345 714 Redivivo
1378 675 1504 725 viruit,

1099 734 1194 780 Ave,
1227 736 1359 779 mater,
1392 736 1524 776 mater,
1557 743 1640 779 ave,

1103 790 1217 828 Cuius
1249 790 1355 826 dirae
1385 789 1517 826 mortis
1547 800 1569 827 a
1599 799 1669 826 vae

1158 847 1295 884 Partus
1325 857 1393 883 nos
1426 846 1579 893 eripuit.

993 955 1057 995 72.
1104 956 1200 1003 Ave,
1233 955 1344 992 stella
1375 954 1573 1002 matutina,

1102 1012 1204 1057 Quae
1234 1015 1410 1049 nutantes
1442 1011 1480 1048 in
1510 1010 1637 1048 labina

1159 1069 1269 1105 Vitae
1299 1068 1399 1114 regis
1429 1067 1619 1113 lubricae3

1107 1126 1203 1170 Ave,
1235 1125 1353 1174 virgo,
1387 1135 1497 1171 quam
1529 1134 1644 1171 super
1674 1133 1715 1162 se

1105 1181 1393 1228 Recognoscunt
1425 1185 1566 1218 tersam
1596 1185 1721 1219 tersae

1166 1238 1334 1275 Virtutes
1364 1238 1557 1276 uranicae.

996 1341 1059 1379 73.
1106 1341 1201 1390 Ave,
1233 1340 1415 1386 templum
1447 1339 1671 1389 Salomonis,

1103 1398 1198 1448 Ave,
1231 1397 1352 1434 vellus
1384 1396 1588 1445 Gedeonis,

1161 1457 1258 1504 Ave,
1290 1453 1397 1490 verbi
1429 1453 1567 1497 casula,

1105 1512 1150 1549 In
1181 1522 1254 1558 qua
1285 1511 1387 1547 Deus
1419 1510 1642 1547 incarnatur

1109 1568 1161 1606 Ut
1192 1571 1345 1605 ansatus
1376 1571 1551 1604 teneatur

1168 1624 1332 1661 Nostrae
1364 1624 1488 1661 carnis
1519 1623 1663 1662 ansula.

994 1727 1059 1766 74.
1106 1727 1202 1773 Ave,
1236 1726 1341 1773 virgo
1374 1726 1551 1773 gloriosa,

1105 1784 1219 1821 Cuius
1251 1793 1401 1829 semper
1432 1785 1489 1819 est
1520 1782 1665 1819 rimosa

1162 1840 1301 1877 Manus
1333 1838 1615 1886 indigentibus,

1103 1897 1160 1934 Tu
1190 1897 1295 1933 lusco
1326 1897 1403 1942 lux,
1435 1900 1475 1932 tu
1499 1895 1637 1933 claudo
1657 1904 1739 1945 pes,

1103 1953 1350 1990 Aerumnosis
1381 1963 1503 1999 opem,
1534 1962 1626 1999 opes

1162 2008 1294 2047 Influis
1325 2009 1515 2055 inopibus·

997 2112 1061 2150 75.
1109 2113 1201 2161 Ave,
1236 2111 1353 2157 virgo,
1386 2121 1497 2156 quam
1528 2109 1698 2147 turbavit

1108 2168 1192 2216 Ille,
1225 2167 1287 2214 qui
1315 2171 1352 2203 te
1383 2166 1564 2205 salutavit

1164 2225 1209 2262 Iu
1241 2223 1424 2270 conclavi,
1457 2223 1638 2271 Gabriel,

1109 2282 1182 2318 Per
1211 2284 1249 2317 te
1280 2284 1404 2317 rectus
1434 2279 1477 2317 fit
1508 2279 1695 2326 obliquus,

1108 2339 1183 2376 Per
1210 2341 1248 2374 te
1278 2347 1373 2384 puer
1404 2336 1446 2374 fit
1476 2336 1667 2384 antiquus,

1165 2394 1222 2431 De
1254 2405 1326 2441 quo
1358 2394 1512 2441 scripsit
1541 2392 1692 2430 Daniel.

994 2497 1058 2535 76.
1105 2497 1200 2545 Ave,
1234 2495 1341 2544 virgo
1374 2494 1599 2543 columbina,

1104 2553 1236 2600 Sedes,
1268 2551 1395 2599 aedes,
1429 2549 1583 2588 officina

1161 2608 1280 2646 Grata
1311 2607 1381 2644 Dei
1417 2606 1505 2657 filio,

1105 2665 1219 2703 Cuius
1250 2664 1376 2701 cordis
1407 2664 1445 2700 in
1476 2663 1628 2701 asbesto

1106 2721 1285 2761 Caritatis
1317 2719 1380 2758 fax
1412 2720 1570 2757 honesto

1159 2777 1387 2816 Flammavit
1418 2776 1608 2815 incendio.
