<?xml version="1.0" encoding="UTF-8"?>
<!DOCTYPE html PUBLIC "-//W3C//DTD XHTML 1.0 Transitional//EN"
    "http://www.w3.org/TR/xhtml1/DTD/xhtml1-transitional.dtd">
<html xmlns="http://www.w3.org/1999/xhtml" xml:lang="en" lang="en">
 <head>
  <title>
</title>
<meta http-equiv="Content-Type" content="text/html;charset=utf-8" />
  <meta name='ocr-system' content='tesseract 3.04.00' />
  <meta name='ocr-capabilities' content='ocr_page ocr_carea ocr_par ocr_line ocrx_word'/>
</head>
<body>
  <div class='ocr_page' id='page_1' title='image "./analectahymnicam50drevuoft/analectahymnicam50drevuoft_0240.png"; bbox 0 0 1785 3111; ppageno 0'>
   <div class='ocr_carea' id='block_1_1' title="bbox 781 86 1091 125">
    <p class='ocr_par' dir='ltr' id='par_1_1' title="bbox 781 86 1091 125">
     <span class='ocr_line' id='line_1_1' title="bbox 781 86 1091 125; baseline 0 0"><span class='ocrx_word' id='word_1_1' title='bbox 781 86 1091 125; x_wconf 74' lang='lat'>-220—</span> 
     </span>
    </p>
   </div>
   <div class='ocr_carea' id='block_1_2' title="bbox 159 199 1721 287">
    <p class='ocr_par' dir='ltr' id='par_1_2' title="bbox 159 199 1721 287">
     <span class='ocr_line' id='line_1_2' title="bbox 249 199 1721 241; baseline 0 -9"><span class='ocrx_word' id='word_1_2' title='bbox 249 202 327 232; x_wconf 87' lang='lat' dir='ltr'>Von</span> <span class='ocrx_word' id='word_1_3' title='bbox 362 201 426 231; x_wconf 89' lang='lat' dir='ltr'>den</span> <span class='ocrx_word' id='word_1_4' title='bbox 460 200 683 241; x_wconf 74' lang='lat' dir='ltr'>Dichtungen</span> <span class='ocrx_word' id='word_1_5' title='bbox 716 199 942 232; x_wconf 75' lang='lat' dir='ltr'>Gottschalks</span> <span class='ocrx_word' id='word_1_6' title='bbox 978 201 1024 231; x_wconf 79' lang='lat' dir='ltr'>ist</span> <span class='ocrx_word' id='word_1_7' title='bbox 1055 210 1119 231; x_wconf 87' lang='lat' dir='ltr'>uns</span> <span class='ocrx_word' id='word_1_8' title='bbox 1153 210 1218 230; x_wconf 91' lang='lat' dir='ltr'>nur</span> <span class='ocrx_word' id='word_1_9' title='bbox 1243 200 1394 241; x_wconf 79' lang='lat' dir='ltr'>weniges</span> <span class='ocrx_word' id='word_1_10' title='bbox 1420 199 1587 232; x_wconf 84' lang='lat' dir='ltr'>erhalten.</span> <span class='ocrx_word' id='word_1_11' title='bbox 1636 201 1721 232; x_wconf 87' lang='lat' dir='ltr'>Was</span> 
     </span>
     <span class='ocr_line' id='line_1_3' title="bbox 159 244 1721 287; baseline -0.001 -9"><span class='ocrx_word' id='word_1_12' title='bbox 159 248 285 278; x_wconf 70' lang='lat' dir='ltr'>claraus</span> <span class='ocrx_word' id='word_1_13' title='bbox 320 248 355 277; x_wconf 86' lang='lat' dir='ltr'>in</span> <span class='ocrx_word' id='word_1_14' title='bbox 390 247 450 277; x_wconf 81' lang='lat' dir='ltr'>(las</span> <span class='ocrx_word' id='word_1_15' title='bbox 476 245 620 276; x_wconf 81' lang='lat' dir='ltr'>Bereieh</span> <span class='ocrx_word' id='word_1_16' title='bbox 655 245 715 276; x_wconf 87' lang='lat' dir='ltr'>der</span> <span class='ocrx_word' id='word_1_17' title='bbox 739 244 1065 286; x_wconf 80' lang='lat' dir='ltr'>Hymnenliteratur</span> <span class='ocrx_word' id='word_1_18' title='bbox 1088 245 1273 287; x_wconf 81' lang='lat' dir='ltr'>gerechnet</span> <span class='ocrx_word' id='word_1_19' title='bbox 1298 245 1434 276; x_wconf 78' lang='lat' dir='ltr'>werden</span> <span class='ocrx_word' id='word_1_20' title='bbox 1460 245 1570 283; x_wconf 78' lang='lat' dir='ltr'>kann,</span> <span class='ocrx_word' id='word_1_21' title='bbox 1605 246 1651 276; x_wconf 78' lang='lat' dir='ltr'>ist</span> <span class='ocrx_word' id='word_1_22' title='bbox 1675 247 1721 277; x_wconf 88' lang='lat' dir='ltr'>im</span> 
     </span>
    </p>
   </div>
   <div class='ocr_carea' id='block_1_3' title="bbox 159 290 1721 378">
    <p class='ocr_par' dir='ltr' id='par_1_3' title="bbox 159 290 1721 378">
     <span class='ocr_line' id='line_1_4' title="bbox 165 290 1721 334; baseline -0.001 -11"><span class='ocrx_word' id='word_1_23' title='bbox 165 292 348 334; x_wconf 63' lang='lat' dir='ltr'>folgenden</span> <span class='ocrx_word' id='word_1_24' title='bbox 374 292 453 322; x_wconf 88' lang='lat' dir='ltr'>teils</span> <span class='ocrx_word' id='word_1_25' title='bbox 478 290 567 321; x_wconf 79' lang='lat' dir='ltr'>nach</span> <span class='ocrx_word' id='word_1_26' title='bbox 592 290 658 321; x_wconf 86' lang='lat' dir='ltr'>(len</span> <span class='ocrx_word' id='word_1_27' title='bbox 685 291 849 330; x_wconf 81' lang='lat' dir='ltr'>Quellen,</span> <span class='ocrx_word' id='word_1_28' title='bbox 877 290 956 321; x_wconf 83' lang='lat' dir='ltr'>teils</span> <span class='ocrx_word' id='word_1_29' title='bbox 981 290 1070 322; x_wconf 78' lang='lat' dir='ltr'>nach</span> <span class='ocrx_word' id='word_1_30' title='bbox 1095 290 1155 322; x_wconf 86' lang='lat' dir='ltr'>der</span> <span class='ocrx_word' id='word_1_31' title='bbox 1181 291 1343 331; x_wconf 82' lang='lat' dir='ltr'>Ausgabe</span> <span class='ocrx_word' id='word_1_32' title='bbox 1368 301 1437 321; x_wconf 77' lang='lat' dir='ltr'>von</span> <span class='ocrx_word' id='word_1_33' title='bbox 1460 291 1608 328; x_wconf 78' lang='lat' dir='ltr'>Traube,</span> <span class='ocrx_word' id='word_1_34' title='bbox 1634 301 1665 323; x_wconf 80' lang='lat' dir='ltr'>a.</span> <span class='ocrx_word' id='word_1_35' title='bbox 1691 301 1721 322; x_wconf 82' lang='lat' dir='ltr'>a.</span> 
     </span>
     <span class='ocr_line' id='line_1_5' title="bbox 159 334 722 378; baseline -0.007 -8"><span class='ocrx_word' id='word_1_36' title='bbox 159 339 200 370; x_wconf 88' lang='lat' dir='ltr'>O.</span> <span class='ocrx_word' id='word_1_37' title='bbox 226 334 403 370; x_wconf 73' lang='grc'>724--732</span> <span class='ocrx_word' id='word_1_38' title='bbox 429 336 722 378; x_wconf 80' lang='lat' dir='ltr'>wiedergegeben.</span> 
     </span>
    </p>
   </div>
   <div class='ocr_carea' id='block_1_4' title="bbox 515 763 1358 805">
    <p class='ocr_par' dir='ltr' id='par_1_4' title="bbox 515 763 1358 805">
     <span class='ocr_line' id='line_1_6' title="bbox 515 763 1358 805; baseline 0.002 -8"><span class='ocrx_word' id='word_1_39' title='bbox 515 764 594 799; x_wconf 69' lang='lat'><strong>1⁴36.</strong></span> <span class='ocrx_word' id='word_1_40' title='bbox 633 764 690 805; x_wconf 87' lang='lat'>(1.)</span> <span class='ocrx_word' id='word_1_41' title='bbox 730 763 873 799; x_wconf 79' lang='lat' dir='ltr'>Oratio</span> <span class='ocrx_word' id='word_1_42' title='bbox 900 763 950 798; x_wconf 83' lang='lat' dir='ltr'>ad</span> <span class='ocrx_word' id='word_1_43' title='bbox 978 763 1182 800; x_wconf 82' lang='lat' dir='ltr'>Christum</span> <span class='ocrx_word' id='word_1_44' title='bbox 1208 763 1358 799; x_wconf 85' lang='lat' dir='ltr'>Prima.</span> 
     </span>
    </p>
   </div>
   <div class='ocr_carea' id='block_1_5' title="bbox 177 892 1408 943">
    <p class='ocr_par' dir='ltr' id='par_1_5' title="bbox 177 892 1408 943">
     <span class='ocr_line' id='line_1_7' title="bbox 177 892 1408 943; baseline -0.003 -11"><span class='ocrx_word' id='word_1_45' title='bbox 177 896 212 932; x_wconf 87' lang='lat'>1.</span> <span class='ocrx_word' id='word_1_46' title='bbox 247 894 407 943; x_wconf 75' lang='lat' dir='ltr'>Christe,</span> <span class='ocrx_word' id='word_1_47' title='bbox 442 903 607 930; x_wconf 86' lang='lat' dir='ltr'>mearum</span> <span class='ocrx_word' id='word_1_48' title='bbox 1023 895 1059 931; x_wconf 88' lang='grc'>6.</span> <span class='ocrx_word' id='word_1_49' title='bbox 1091 893 1148 929; x_wconf 91' lang='lat' dir='ltr'>Tu</span> <span class='ocrx_word' id='word_1_50' title='bbox 1180 892 1282 929; x_wconf 84' lang='lat' dir='ltr'>Deus</span> <span class='ocrx_word' id='word_1_51' title='bbox 1313 903 1408 929; x_wconf 88' lang='lat' dir='ltr'>unus</span> 
     </span>
    </p>
   </div>
   <div class='ocr_carea' id='block_1_6' title="bbox 182 2528 204 2563">
    <p class='ocr_par' dir='ltr' id='par_1_6' title="bbox 182 2528 204 2563">
     <span class='ocr_line' id='line_1_8' title="bbox 182 2528 204 2563; textangle 90"><span class='ocrx_word' id='word_1_52' title='bbox 182 2528 204 2563; x_wconf 62' lang='lat'>&lt;³¹</span> 
     </span>
    </p>
   </div>
   <div class='ocr_carea' id='block_1_7' title="bbox 245 950 617 1223">
    <p class='ocr_par' dir='ltr' id='par_1_7' title="bbox 245 950 617 1223">
     <span class='ocr_line' id='line_1_9' title="bbox 247 950 617 994; baseline -0.005 -7"><span class='ocrx_word' id='word_1_53' title='bbox 247 951 329 987; x_wconf 87' lang='lat' dir='ltr'>Lux</span> <span class='ocrx_word' id='word_1_54' title='bbox 361 950 617 994; x_wconf 87' lang='lat' dir='ltr'>tenebrarum,</span> 
     </span>
     <span class='ocr_line' id='line_1_10' title="bbox 245 1007 609 1045; baseline -0.005 -1"><span class='ocrx_word' id='word_1_55' title='bbox 245 1008 387 1045; x_wconf 87' lang='lat' dir='ltr'>Memet</span> <span class='ocrx_word' id='word_1_56' title='bbox 417 1007 455 1043; x_wconf 89' lang='lat' dir='ltr'>in</span> <span class='ocrx_word' id='word_1_57' title='bbox 487 1010 609 1043; x_wconf 89' lang='lat' dir='ltr'>atrum</span> 
     </span>
     <span class='ocr_line' id='line_1_11' title="bbox 248 1064 604 1101; baseline 0 0"><span class='ocrx_word' id='word_1_58' title='bbox 248 1064 423 1101; x_wconf 84' lang='lat' dir='ltr'>Criminis</span> <span class='ocrx_word' id='word_1_59' title='bbox 456 1068 604 1101; x_wconf 85' lang='lat' dir='ltr'>antrum</span> 
     </span>
     <span class='ocr_line' id='line_1_12' title="bbox 249 1120 587 1159; baseline -0.006 -1"><span class='ocrx_word' id='word_1_60' title='bbox 249 1122 336 1159; x_wconf 92' lang='lat' dir='ltr'>Sive</span> <span class='ocrx_word' id='word_1_61' title='bbox 367 1120 587 1157; x_wconf 78' lang='lat' dir='ltr'>barathrum</span> 
     </span>
     <span class='ocr_line' id='line_1_13' title="bbox 248 1177 603 1223; baseline 0 -9"><span class='ocrx_word' id='word_1_62' title='bbox 248 1177 412 1223; x_wconf 75' lang='lat' dir='ltr'>Respice</span> <span class='ocrx_word' id='word_1_63' title='bbox 443 1178 603 1223; x_wconf 87' lang='lat' dir='ltr'>lapsum.</span> 
     </span>
    </p>
   </div>
   <div class='ocr_carea' id='block_1_8' title="bbox 215 1302 650 1348">
    <p class='ocr_par' dir='ltr' id='par_1_8' title="bbox 215 1302 650 1348">
     <span class='ocr_line' id='line_1_14' title="bbox 215 1302 650 1348; baseline -0.005 -9"><span class='ocrx_word' id='word_1_64' title='bbox 215 1333 220 1339; x_wconf 95' lang='lat'><em>.</em></span> <span class='ocrx_word' id='word_1_65' title='bbox 255 1303 367 1342; x_wconf 93' lang='lat' dir='ltr'>Unde</span> <span class='ocrx_word' id='word_1_66' title='bbox 399 1312 468 1348; x_wconf 87' lang='lat' dir='ltr'>per</span> <span class='ocrx_word' id='word_1_67' title='bbox 498 1302 650 1348; x_wconf 88' lang='lat' dir='ltr'>almum,</span> 
     </span>
    </p>
   </div>
   <div class='ocr_carea' id='block_1_9' title="bbox 247 1357 694 1632">
    <p class='ocr_par' dir='ltr' id='par_1_9' title="bbox 247 1357 694 1632">
     <span class='ocr_line' id='line_1_15' title="bbox 248 1357 611 1405; baseline -0.006 -10"><span class='ocrx_word' id='word_1_68' title='bbox 248 1360 301 1396; x_wconf 85' lang='lat' dir='ltr'>Te</span> <span class='ocrx_word' id='word_1_69' title='bbox 335 1370 436 1405; x_wconf 76' lang='lat' dir='ltr'>rogo,</span> <span class='ocrx_word' id='word_1_70' title='bbox 468 1357 611 1404; x_wconf 77' lang='lat' dir='ltr'>flatum,</span> 
     </span>
     <span class='ocr_line' id='line_1_16' title="bbox 250 1415 589 1463; baseline -0.006 -11"><span class='ocrx_word' id='word_1_71' title='bbox 250 1416 388 1453; x_wconf 83' lang='lat' dir='ltr'>Nobile</span> <span class='ocrx_word' id='word_1_72' title='bbox 421 1415 589 1463; x_wconf 83' lang='lat' dir='ltr'>verbum,</span> 
     </span>
     <span class='ocr_line' id='line_1_17' title="bbox 250 1472 603 1519; baseline -0.006 -10"><span class='ocrx_word' id='word_1_73' title='bbox 250 1473 320 1518; x_wconf 82' lang='lat' dir='ltr'>Qui</span> <span class='ocrx_word' id='word_1_74' title='bbox 351 1472 449 1519; x_wconf 82' lang='lat' dir='ltr'>regis</span> <span class='ocrx_word' id='word_1_75' title='bbox 481 1472 603 1518; x_wconf 85' lang='lat' dir='ltr'>ipsum</span> 
     </span>
     <span class='ocr_line' id='line_1_18' title="bbox 249 1528 694 1575; baseline -0.009 -8"><span class='ocrx_word' id='word_1_76' title='bbox 249 1531 339 1568; x_wconf 91' lang='lat' dir='ltr'>Cum</span> <span class='ocrx_word' id='word_1_77' title='bbox 374 1534 483 1575; x_wconf 83' lang='lat' dir='ltr'>patre</span> <span class='ocrx_word' id='word_1_78' title='bbox 513 1528 694 1565; x_wconf 90' lang='lat' dir='ltr'>mundum</span> 
     </span>
     <span class='ocr_line' id='line_1_19' title="bbox 247 1586 655 1632; baseline -0.005 -9"><span class='ocrx_word' id='word_1_79' title='bbox 247 1586 411 1632; x_wconf 83' lang='lat' dir='ltr'>Compar</span> <span class='ocrx_word' id='word_1_80' title='bbox 441 1586 478 1621; x_wconf 92' lang='lat' dir='ltr'>in</span> <span class='ocrx_word' id='word_1_81' title='bbox 510 1595 655 1629; x_wconf 81' lang='lat' dir='ltr'>aevum,</span> 
     </span>
    </p>
   </div>
   <div class='ocr_carea' id='block_1_10' title="bbox 245 1711 602 2039">
    <p class='ocr_par' dir='ltr' id='par_1_10' title="bbox 245 1711 602 2039">
     <span class='ocr_line' id='line_1_20' title="bbox 250 1711 532 1747; baseline -0.007 0"><span class='ocrx_word' id='word_1_82' title='bbox 250 1711 351 1747; x_wconf 83' lang='lat' dir='ltr'>Erue</span> <span class='ocrx_word' id='word_1_83' title='bbox 382 1721 532 1747; x_wconf 85' lang='lat' dir='ltr'>servum</span> 
     </span>
     <span class='ocr_line' id='line_1_21' title="bbox 250 1766 602 1804; baseline -0.003 0"><span class='ocrx_word' id='word_1_84' title='bbox 250 1767 370 1804; x_wconf 81' lang='lat' dir='ltr'>Valde</span> <span class='ocrx_word' id='word_1_85' title='bbox 401 1766 602 1803; x_wconf 87' lang='lat' dir='ltr'>misellum.</span> 
     </span>
     <span class='ocr_line' id='line_1_22' title="bbox 251 1824 562 1871; baseline -0.01 -10"><span class='ocrx_word' id='word_1_86' title='bbox 251 1824 355 1861; x_wconf 89' lang='lat' dir='ltr'>Pelle</span> <span class='ocrx_word' id='word_1_87' title='bbox 386 1824 562 1871; x_wconf 79' lang='lat' dir='ltr'>piaclum,</span> 
     </span>
     <span class='ocr_line' id='line_1_23' title="bbox 245 1880 542 1926; baseline -0.007 -9"><span class='ocrx_word' id='word_1_88' title='bbox 245 1880 353 1917; x_wconf 81' lang='lat' dir='ltr'>Tolle</span> <span class='ocrx_word' id='word_1_89' title='bbox 385 1884 542 1926; x_wconf 83' lang='lat' dir='ltr'>reatum,</span> 
     </span>
     <span class='ocr_line' id='line_1_24' title="bbox 250 1937 593 1983; baseline -0.006 -9"><span class='ocrx_word' id='word_1_90' title='bbox 250 1937 381 1983; x_wconf 78' lang='lat' dir='ltr'>Dirige</span> <span class='ocrx_word' id='word_1_91' title='bbox 413 1947 593 1983; x_wconf 76' lang='lat' dir='ltr'>gressum,</span> 
     </span>
     <span class='ocr_line' id='line_1_25' title="bbox 251 1994 588 2039; baseline -0.006 -8"><span class='ocrx_word' id='word_1_92' title='bbox 251 1994 384 2031; x_wconf 81' lang='lat' dir='ltr'>Redde</span> <span class='ocrx_word' id='word_1_93' title='bbox 416 1997 588 2039; x_wconf 84' lang='lat' dir='ltr'>paratum</span> 
     </span>
    </p>
   </div>
   <div class='ocr_carea' id='block_1_11' title="bbox 211 2118 583 2163">
    <p class='ocr_par' dir='ltr' id='par_1_11' title="bbox 211 2118 583 2163">
     <span class='ocr_line' id='line_1_26' title="bbox 211 2118 583 2163; baseline -0.003 -9"><span class='ocrx_word' id='word_1_94' title='bbox 211 2147 217 2154; x_wconf 93' lang='lat'><strong>.</strong></span> <span class='ocrx_word' id='word_1_95' title='bbox 252 2119 376 2163; x_wconf 80' lang='lat' dir='ltr'>Atque</span> <span class='ocrx_word' id='word_1_96' title='bbox 408 2118 583 2154; x_wconf 81' lang='lat' dir='ltr'>clientem</span> 
     </span>
    </p>
   </div>
   <div class='ocr_carea' id='block_1_12' title="bbox 250 2173 640 2446">
    <p class='ocr_par' dir='ltr' id='par_1_12' title="bbox 250 2173 587 2220">
     <span class='ocr_line' id='line_1_27' title="bbox 250 2173 587 2220; baseline -0.003 -9"><span class='ocrx_word' id='word_1_97' title='bbox 250 2174 405 2220; x_wconf 77' lang='lat' dir='ltr'>Suscipe</span> <span class='ocrx_word' id='word_1_98' title='bbox 437 2173 587 2210; x_wconf 81' lang='lat' dir='ltr'>flentem</span> 
     </span>
    </p>

    <p class='ocr_par' dir='ltr' id='par_1_13' title="bbox 251 2232 640 2446">
     <span class='ocr_line' id='line_1_28' title="bbox 251 2232 615 2277; baseline 0.003 -11"><span class='ocrx_word' id='word_1_99' title='bbox 251 2232 377 2277; x_wconf 86' lang='lat' dir='ltr'>Teque</span> <span class='ocrx_word' id='word_1_100' title='bbox 410 2232 615 2268; x_wconf 86' lang='lat' dir='ltr'>timentem.</span> 
     </span>
     <span class='ocr_line' id='line_1_29' title="bbox 251 2287 639 2331; baseline -0.003 -7"><span class='ocrx_word' id='word_1_101' title='bbox 251 2288 310 2324; x_wconf 84' lang='lat' dir='ltr'>Da</span> <span class='ocrx_word' id='word_1_102' title='bbox 342 2287 430 2323; x_wconf 87' lang='lat' dir='ltr'>mihi</span> <span class='ocrx_word' id='word_1_103' title='bbox 463 2291 639 2331; x_wconf 88' lang='lat' dir='ltr'>mentem,</span> 
     </span>
     <span class='ocr_line' id='line_1_30' title="bbox 252 2344 640 2392; baseline -0.003 -12"><span class='ocrx_word' id='word_1_104' title='bbox 252 2344 405 2380; x_wconf 78' lang='lat' dir='ltr'>Fraude</span> <span class='ocrx_word' id='word_1_105' title='bbox 438 2348 640 2392; x_wconf 78' lang='lat' dir='ltr'>carentem,</span> 
     </span>
     <span class='ocr_line' id='line_1_31' title="bbox 254 2401 617 2446; baseline -0.003 -9"><span class='ocrx_word' id='word_1_106' title='bbox 254 2401 376 2437; x_wconf 82' lang='lat' dir='ltr'>Prava</span> <span class='ocrx_word' id='word_1_107' title='bbox 408 2404 617 2446; x_wconf 77' lang='lat' dir='ltr'>caventem,</span> 
     </span>
    </p>
   </div>
   <div class='ocr_carea' id='block_1_13' title="bbox 250 2525 645 2853">
    <p class='ocr_par' dir='ltr' id='par_1_14' title="bbox 250 2525 645 2853">
     <span class='ocr_line' id='line_1_32' title="bbox 254 2525 559 2569; baseline -0.01 -7"><span class='ocrx_word' id='word_1_108' title='bbox 254 2526 333 2562; x_wconf 89' lang='lat' dir='ltr'>Ima</span> <span class='ocrx_word' id='word_1_109' title='bbox 364 2525 559 2569; x_wconf 83' lang='lat' dir='ltr'>sinentem,</span> 
     </span>
     <span class='ocr_line' id='line_1_33' title="bbox 254 2582 628 2626; baseline -0.008 -7"><span class='ocrx_word' id='word_1_110' title='bbox 254 2582 408 2619; x_wconf 88' lang='lat' dir='ltr'>Summa</span> <span class='ocrx_word' id='word_1_111' title='bbox 438 2584 628 2626; x_wconf 87' lang='lat' dir='ltr'>petentem</span> 
     </span>
     <span class='ocr_line' id='line_1_34' title="bbox 256 2637 598 2684; baseline -0.006 -10"><span class='ocrx_word' id='word_1_112' title='bbox 256 2639 382 2684; x_wconf 79' lang='lat' dir='ltr'>Teque</span> <span class='ocrx_word' id='word_1_113' title='bbox 415 2637 598 2673; x_wconf 86' lang='lat' dir='ltr'>colentem</span> 
     </span>
     <span class='ocr_line' id='line_1_35' title="bbox 252 2694 598 2741; baseline -0.009 -9"><span class='ocrx_word' id='word_1_114' title='bbox 252 2696 375 2741; x_wconf 84' lang='lat' dir='ltr'>Atque</span> <span class='ocrx_word' id='word_1_115' title='bbox 407 2694 598 2741; x_wconf 82' lang='lat' dir='ltr'>scientem,</span> 
     </span>
     <span class='ocr_line' id='line_1_36' title="bbox 251 2753 592 2793; baseline -0.012 -5"><span class='ocrx_word' id='word_1_116' title='bbox 251 2753 305 2789; x_wconf 86' lang='lat' dir='ltr'>Te</span> <span class='ocrx_word' id='word_1_117' title='bbox 339 2754 592 2793; x_wconf 78' lang='lat' dir='ltr'>venerantem,</span> 
     </span>
     <span class='ocr_line' id='line_1_37' title="bbox 250 2808 645 2853; baseline 0.003 -10"><span class='ocrx_word' id='word_1_118' title='bbox 250 2808 345 2853; x_wconf 79' lang='lat' dir='ltr'>Quin</span> <span class='ocrx_word' id='word_1_119' title='bbox 378 2812 413 2843; x_wconf 87' lang='lat' dir='ltr'>et</span> <span class='ocrx_word' id='word_1_120' title='bbox 445 2810 645 2844; x_wconf 81' lang='lat' dir='ltr'>amantem.</span> 
     </span>
    </p>
   </div>
   <div class='ocr_carea' id='block_1_14' title="bbox 1002 2525 1067 2564">
    <p class='ocr_par' dir='ltr' id='par_1_15' title="bbox 1002 2525 1067 2564">
     <span class='ocr_line' id='line_1_38' title="bbox 1002 2525 1067 2564; baseline 0.031 -2"><span class='ocrx_word' id='word_1_121' title='bbox 1002 2525 1067 2564; x_wconf 82' lang='lat'>10.</span> 
     </span>
    </p>
   </div>
   <div class='ocr_carea' id='block_1_15' title="bbox 1091 949 1535 1214">
    <p class='ocr_par' dir='ltr' id='par_1_16' title="bbox 1091 949 1535 1214">
     <span class='ocr_line' id='line_1_39' title="bbox 1094 949 1535 996; baseline 0 -11"><span class='ocrx_word' id='word_1_122' title='bbox 1094 949 1185 986; x_wconf 89' lang='lat' dir='ltr'>Cum</span> <span class='ocrx_word' id='word_1_123' title='bbox 1217 953 1326 996; x_wconf 83' lang='lat' dir='ltr'>patre</span> <span class='ocrx_word' id='word_1_124' title='bbox 1358 961 1535 993; x_wconf 78' lang='lat' dir='ltr'>summus,</span> 
     </span>
     <span class='ocr_line' id='line_1_40' title="bbox 1091 1005 1444 1052; baseline 0.006 -10"><span class='ocrx_word' id='word_1_125' title='bbox 1091 1005 1265 1042; x_wconf 89' lang='lat' dir='ltr'>Flamine</span> <span class='ocrx_word' id='word_1_126' title='bbox 1297 1006 1444 1052; x_wconf 77' lang='lat' dir='ltr'>plenus,</span> 
     </span>
     <span class='ocr_line' id='line_1_41' title="bbox 1094 1062 1478 1109; baseline 0.003 -11"><span class='ocrx_word' id='word_1_127' title='bbox 1094 1062 1252 1109; x_wconf 89' lang='lat' dir='ltr'>Semper</span> <span class='ocrx_word' id='word_1_128' title='bbox 1282 1063 1478 1109; x_wconf 85' lang='lat' dir='ltr'>amandus,</span> 
     </span>
     <span class='ocr_line' id='line_1_42' title="bbox 1093 1119 1435 1156; baseline 0 -1"><span class='ocrx_word' id='word_1_129' title='bbox 1093 1119 1223 1156; x_wconf 84' lang='lat' dir='ltr'>Mente</span> <span class='ocrx_word' id='word_1_130' title='bbox 1255 1119 1435 1156; x_wconf 83' lang='lat' dir='ltr'>colendus</span> 
     </span>
     <span class='ocr_line' id='line_1_43' title="bbox 1093 1175 1448 1214; baseline 0.003 -2"><span class='ocrx_word' id='word_1_131' title='bbox 1093 1175 1167 1212; x_wconf 87' lang='lat' dir='ltr'>Seu</span> <span class='ocrx_word' id='word_1_132' title='bbox 1198 1176 1448 1214; x_wconf 80' lang='lat' dir='ltr'>venerandus,</span> 
     </span>
    </p>
   </div>
   <div class='ocr_carea' id='block_1_16' title="bbox 1054 1301 1404 1341">
    <p class='ocr_par' dir='ltr' id='par_1_17' title="bbox 1054 1301 1404 1341">
     <span class='ocr_line' id='line_1_44' title="bbox 1054 1301 1404 1341; baseline -0.014 0"><span class='ocrx_word' id='word_1_133' title='bbox 1054 1334 1061 1341; x_wconf 93' lang='lat'><strong>.</strong></span> <span class='ocrx_word' id='word_1_134' title='bbox 1093 1301 1150 1338; x_wconf 95' lang='lat' dir='ltr'>Tu</span> <span class='ocrx_word' id='word_1_135' title='bbox 1181 1303 1404 1338; x_wconf 81' lang='lat' dir='ltr'>metuendus</span> 
     </span>
    </p>
   </div>
   <div class='ocr_carea' id='block_1_17' title="bbox 1092 1358 1510 1632">
    <p class='ocr_par' dir='ltr' id='par_1_18' title="bbox 1092 1358 1510 1632">
     <span class='ocr_line' id='line_1_45' title="bbox 1092 1358 1510 1404; baseline -0.005 -9"><span class='ocrx_word' id='word_1_136' title='bbox 1092 1358 1248 1404; x_wconf 84' lang='lat' dir='ltr'>Rexque</span> <span class='ocrx_word' id='word_1_137' title='bbox 1278 1358 1510 1404; x_wconf 72' lang='lat' dir='ltr'>tremendus,</span> 
     </span>
     <span class='ocr_line' id='line_1_46' title="bbox 1093 1414 1439 1451; baseline -0.003 0"><span class='ocrx_word' id='word_1_138' title='bbox 1093 1415 1213 1451; x_wconf 85' lang='lat' dir='ltr'>Tutor</span> <span class='ocrx_word' id='word_1_139' title='bbox 1243 1414 1439 1451; x_wconf 84' lang='lat' dir='ltr'>habendus</span> 
     </span>
     <span class='ocr_line' id='line_1_47' title="bbox 1093 1471 1405 1508; baseline 0 -1"><span class='ocrx_word' id='word_1_140' title='bbox 1093 1471 1145 1508; x_wconf 82' lang='lat' dir='ltr'>Et</span> <span class='ocrx_word' id='word_1_141' title='bbox 1174 1471 1405 1508; x_wconf 89' lang='lat' dir='ltr'>reverendus</span> 
     </span>
     <span class='ocr_line' id='line_1_48' title="bbox 1093 1527 1497 1574; baseline -0.007 -9"><span class='ocrx_word' id='word_1_142' title='bbox 1093 1528 1254 1574; x_wconf 86' lang='lat' dir='ltr'>Duxque</span> <span class='ocrx_word' id='word_1_143' title='bbox 1284 1527 1497 1574; x_wconf 89' lang='lat' dir='ltr'>sequendus</span> 
     </span>
     <span class='ocr_line' id='line_1_49' title="bbox 1097 1584 1453 1632; baseline 0.003 -10"><span class='ocrx_word' id='word_1_144' title='bbox 1097 1588 1221 1631; x_wconf 83' lang='lat' dir='ltr'>Atque</span> <span class='ocrx_word' id='word_1_145' title='bbox 1252 1584 1453 1632; x_wconf 85' lang='lat' dir='ltr'>petendus.</span> 
     </span>
    </p>
   </div>
   <div class='ocr_carea' id='block_1_18' title="bbox 1094 1708 1473 2039">
    <p class='ocr_par' dir='ltr' id='par_1_19' title="bbox 1094 1708 1473 2039">
     <span class='ocr_line' id='line_1_50' title="bbox 1096 1708 1408 1746; baseline -0.006 0"><span class='ocrx_word' id='word_1_146' title='bbox 1096 1709 1255 1746; x_wconf 80' lang='lat' dir='ltr'>Inclitus</span> <span class='ocrx_word' id='word_1_147' title='bbox 1287 1708 1408 1745; x_wconf 89' lang='lat' dir='ltr'>omnis</span> 
     </span>
     <span class='ocr_line' id='line_1_51' title="bbox 1097 1764 1412 1804; baseline -0.013 0"><span class='ocrx_word' id='word_1_148' title='bbox 1097 1766 1280 1804; x_wconf 86' lang='lat' dir='ltr'>Conditor</span> <span class='ocrx_word' id='word_1_149' title='bbox 1310 1764 1412 1801; x_wconf 85' lang='lat' dir='ltr'>orbis</span> 
     </span>
     <span class='ocr_line' id='line_1_52' title="bbox 1094 1821 1473 1869; baseline -0.008 -10"><span class='ocrx_word' id='word_1_150' title='bbox 1094 1823 1253 1868; x_wconf 80' lang='lat' dir='ltr'>Luxque</span> <span class='ocrx_word' id='word_1_151' title='bbox 1283 1821 1473 1869; x_wconf 77' lang='lat' dir='ltr'>perennis,</span> 
     </span>
     <span class='ocr_line' id='line_1_53' title="bbox 1094 1879 1423 1925; baseline -0.006 -9"><span class='ocrx_word' id='word_1_152' title='bbox 1094 1880 1151 1916; x_wconf 91' lang='lat' dir='ltr'>Tu</span> <span class='ocrx_word' id='word_1_153' title='bbox 1183 1879 1246 1925; x_wconf 85' lang='lat' dir='ltr'>pia</span> <span class='ocrx_word' id='word_1_154' title='bbox 1278 1879 1423 1915; x_wconf 84' lang='lat' dir='ltr'>cunctis</span> 
     </span>
     <span class='ocr_line' id='line_1_54' title="bbox 1096 1935 1466 1978; baseline -0.008 -5"><span class='ocrx_word' id='word_1_155' title='bbox 1096 1936 1239 1973; x_wconf 89' lang='lat' dir='ltr'>Norma</span> <span class='ocrx_word' id='word_1_156' title='bbox 1270 1935 1466 1978; x_wconf 78' lang='lat' dir='ltr'>ministris,</span> 
     </span>
     <span class='ocr_line' id='line_1_55' title="bbox 1095 1992 1411 2039; baseline -0.009 -9"><span class='ocrx_word' id='word_1_157' title='bbox 1095 1994 1234 2030; x_wconf 87' lang='lat' dir='ltr'>Forma</span> <span class='ocrx_word' id='word_1_158' title='bbox 1265 1992 1411 2039; x_wconf 77' lang='lat' dir='ltr'>salutis,</span> 
     </span>
    </p>
   </div>
   <div class='ocr_carea' id='block_1_19' title="bbox 1097 2114 1534 2437">
    <p class='ocr_par' dir='ltr' id='par_1_20' title="bbox 1097 2114 1534 2381">
     <span class='ocr_line' id='line_1_56' title="bbox 1097 2114 1415 2159; baseline -0.016 -5"><span class='ocrx_word' id='word_1_159' title='bbox 1097 2117 1266 2155; x_wconf 86' lang='lat' dir='ltr'>Dextera</span> <span class='ocrx_word' id='word_1_160' title='bbox 1293 2114 1415 2159; x_wconf 86' lang='lat' dir='ltr'>fessis,</span> 
     </span>
     <span class='ocr_line' id='line_1_57' title="bbox 1097 2171 1534 2220; baseline -0.007 -10"><span class='ocrx_word' id='word_1_161' title='bbox 1097 2174 1192 2220; x_wconf 83' lang='lat' dir='ltr'>Spes</span> <span class='ocrx_word' id='word_1_162' title='bbox 1223 2182 1370 2219; x_wconf 89' lang='lat' dir='ltr'>quoque</span> <span class='ocrx_word' id='word_1_163' title='bbox 1402 2171 1534 2217; x_wconf 79' lang='lat' dir='ltr'>lapsis,</span> 
     </span>
     <span class='ocr_line' id='line_1_58' title="bbox 1099 2229 1458 2275; baseline -0.011 -8"><span class='ocrx_word' id='word_1_164' title='bbox 1099 2231 1231 2267; x_wconf 86' lang='lat' dir='ltr'>Palma</span> <span class='ocrx_word' id='word_1_165' title='bbox 1262 2229 1458 2275; x_wconf 72' lang='lat' dir='ltr'>regressis,</span> 
     </span>
     <span class='ocr_line' id='line_1_59' title="bbox 1100 2285 1381 2324; baseline -0.011 -1"><span class='ocrx_word' id='word_1_166' title='bbox 1100 2287 1242 2324; x_wconf 85' lang='lat' dir='ltr'>Sedula</span> <span class='ocrx_word' id='word_1_167' title='bbox 1272 2285 1381 2322; x_wconf 83' lang='lat' dir='ltr'>iustis</span> 
     </span>
     <span class='ocr_line' id='line_1_60' title="bbox 1100 2342 1384 2381; baseline -0.011 -1"><span class='ocrx_word' id='word_1_168' title='bbox 1100 2343 1233 2381; x_wconf 80' lang='lat' dir='ltr'>Gloria</span> <span class='ocrx_word' id='word_1_169' title='bbox 1263 2342 1384 2379; x_wconf 88' lang='lat' dir='ltr'>servis</span> 
     </span>
    </p>

    <p class='ocr_par' dir='ltr' id='par_1_21' title="bbox 1099 2398 1448 2437">
     <span class='ocr_line' id='line_1_61' title="bbox 1099 2398 1448 2437; baseline -0.009 0"><span class='ocrx_word' id='word_1_170' title='bbox 1099 2400 1149 2437; x_wconf 91' lang='lat' dir='ltr'>Et</span> <span class='ocrx_word' id='word_1_171' title='bbox 1183 2400 1297 2437; x_wconf 88' lang='lat' dir='ltr'>decus</span> <span class='ocrx_word' id='word_1_172' title='bbox 1327 2398 1448 2435; x_wconf 83' lang='lat' dir='ltr'>almis.</span> 
     </span>
    </p>
   </div>
   <div class='ocr_carea' id='block_1_20' title="bbox 1097 2523 1518 2853">
    <p class='ocr_par' dir='ltr' id='par_1_22' title="bbox 1097 2523 1518 2853">
     <span class='ocr_line' id='line_1_62' title="bbox 1102 2523 1518 2570; baseline -0.007 -8"><span class='ocrx_word' id='word_1_173' title='bbox 1102 2526 1197 2570; x_wconf 87' lang='lat' dir='ltr'>Spes</span> <span class='ocrx_word' id='word_1_174' title='bbox 1226 2534 1321 2569; x_wconf 69' lang='lat' dir='ltr'>mea,</span> <span class='ocrx_word' id='word_1_175' title='bbox 1357 2523 1518 2567; x_wconf 74' lang='lat' dir='ltr'>Christe,</span> 
     </span>
     <span class='ocr_line' id='line_1_63' title="bbox 1097 2579 1421 2626; baseline -0.006 -9"><span class='ocrx_word' id='word_1_176' title='bbox 1097 2582 1179 2618; x_wconf 81' lang='lat' dir='ltr'>Rex</span> <span class='ocrx_word' id='word_1_177' title='bbox 1210 2579 1421 2626; x_wconf 67' lang='lat' dir='ltr'>benedicte,</span> 
     </span>
     <span class='ocr_line' id='line_1_64' title="bbox 1100 2636 1409 2683; baseline -0.006 -9"><span class='ocrx_word' id='word_1_178' title='bbox 1100 2638 1182 2674; x_wconf 87' lang='lat' dir='ltr'>Lux</span> <span class='ocrx_word' id='word_1_179' title='bbox 1215 2637 1277 2683; x_wconf 83' lang='lat' dir='ltr'>pia</span> <span class='ocrx_word' id='word_1_180' title='bbox 1310 2636 1409 2673; x_wconf 83' lang='lat' dir='ltr'>vitae</span> 
     </span>
     <span class='ocr_line' id='line_1_65' title="bbox 1100 2693 1426 2740; baseline -0.006 -10"><span class='ocrx_word' id='word_1_181' title='bbox 1100 2694 1261 2740; x_wconf 86' lang='lat' dir='ltr'>Duxque</span> <span class='ocrx_word' id='word_1_182' title='bbox 1292 2693 1426 2738; x_wconf 76' lang='lat' dir='ltr'>perite,</span> 
     </span>
     <span class='ocr_line' id='line_1_66' title="bbox 1101 2749 1441 2794; baseline -0.009 -7"><span class='ocrx_word' id='word_1_183' title='bbox 1101 2751 1238 2787; x_wconf 87' lang='lat' dir='ltr'>Pastor</span> <span class='ocrx_word' id='word_1_184' title='bbox 1268 2749 1441 2794; x_wconf 71' lang='lat' dir='ltr'>amande,</span> 
     </span>
     <span class='ocr_line' id='line_1_67' title="bbox 1098 2805 1459 2853; baseline 0 -11"><span class='ocrx_word' id='word_1_185' title='bbox 1098 2807 1193 2853; x_wconf 82' lang='lat' dir='ltr'>Quin</span> <span class='ocrx_word' id='word_1_186' title='bbox 1232 2805 1459 2850; x_wconf 82' lang='lat' dir='ltr'>venerande,</span> 
     </span>
    </p>
   </div>
  </div>
 </body>
</html>
