<?xml version="1.0" encoding="UTF-8"?>
<!DOCTYPE html PUBLIC "-//W3C//DTD XHTML 1.0 Transitional//EN"
    "http://www.w3.org/TR/xhtml1/DTD/xhtml1-transitional.dtd">
<html xmlns="http://www.w3.org/1999/xhtml" xml:lang="en" lang="en">
 <head>
  <title>
</title>
<meta http-equiv="Content-Type" content="text/html;charset=utf-8" />
  <meta name='ocr-system' content='tesseract 3.04.00' />
  <meta name='ocr-capabilities' content='ocr_page ocr_carea ocr_par ocr_line ocrx_word'/>
</head>
<body>
  <div class='ocr_page' id='page_1' title='image "./analectahymnicam50drevuoft/analectahymnicam50drevuoft_0539.png"; bbox 0 0 1785 3111; ppageno 0'>
   <div class='ocr_carea' id='block_1_1' title="bbox 680 67 991 107">
    <p class='ocr_par' dir='ltr' id='par_1_1' title="bbox 680 67 991 107">
     <span class='ocr_line' id='line_1_1' title="bbox 680 67 991 107; baseline 0.003 -1"><span class='ocrx_word' id='word_1_1' title='bbox 680 67 991 107; x_wconf 40' lang='lat'>“515—</span> 
     </span>
    </p>
   </div>
   <div class='ocr_carea' id='block_1_2' title="bbox 288 180 1166 390">
    <p class='ocr_par' dir='ltr' id='par_1_2' title="bbox 288 180 1166 333">
     <span class='ocr_line' id='line_1_2' title="bbox 288 180 1166 231; baseline 0 -11"><span class='ocrx_word' id='word_1_2' title='bbox 288 183 325 220; x_wconf 83' lang='lat'>3.</span> <span class='ocrx_word' id='word_1_3' title='bbox 371 181 486 218; x_wconf 85' lang='lat' dir='ltr'>Flore</span> <span class='ocrx_word' id='word_1_4' title='bbox 517 180 586 218; x_wconf 89' lang='lat' dir='ltr'>sub</span> <span class='ocrx_word' id='word_1_5' title='bbox 618 181 763 228; x_wconf 86' lang='lat' dir='ltr'>primae</span> <span class='ocrx_word' id='word_1_6' title='bbox 794 185 947 220; x_wconf 84' lang='lat' dir='ltr'>tenerae</span> <span class='ocrx_word' id='word_1_7' title='bbox 978 182 1166 231; x_wconf 85' lang='lat' dir='ltr'>iuventae,</span> 
     </span>
     <span class='ocr_line' id='line_1_3' title="bbox 372 236 1069 286; baseline 0.001 -11"><span class='ocrx_word' id='word_1_8' title='bbox 372 238 431 275; x_wconf 92' lang='lat' dir='ltr'>De</span> <span class='ocrx_word' id='word_1_9' title='bbox 461 248 558 275; x_wconf 91' lang='lat' dir='ltr'>novo</span> <span class='ocrx_word' id='word_1_10' title='bbox 589 236 712 275; x_wconf 88' lang='lat' dir='ltr'>factus</span> <span class='ocrx_word' id='word_1_11' title='bbox 743 239 870 276; x_wconf 86' lang='lat' dir='ltr'>senior</span> <span class='ocrx_word' id='word_1_12' title='bbox 900 243 1069 286; x_wconf 87' lang='lat' dir='ltr'>repente,</span> 
     </span>
     <span class='ocr_line' id='line_1_4' title="bbox 374 294 1019 333; baseline 0.002 -2"><span class='ocrx_word' id='word_1_13' title='bbox 374 295 475 332; x_wconf 92' lang='lat' dir='ltr'>Luce</span> <span class='ocrx_word' id='word_1_14' title='bbox 506 294 687 332; x_wconf 87' lang='lat' dir='ltr'>virtutum</span> <span class='ocrx_word' id='word_1_15' title='bbox 721 296 812 332; x_wconf 87' lang='lat' dir='ltr'>satis</span> <span class='ocrx_word' id='word_1_16' title='bbox 845 296 1019 333; x_wconf 80' lang='lat' dir='ltr'>evidente</span> 
     </span>
    </p>

    <p class='ocr_par' dir='ltr' id='par_1_3' title="bbox 587 351 783 390">
     <span class='ocr_line' id='line_1_5' title="bbox 587 351 783 390; baseline 0.01 -2"><span class='ocrx_word' id='word_1_17' title='bbox 587 351 783 390; x_wconf 81' lang='lat' dir='ltr'>Enituisti.</span> 
     </span>
    </p>
   </div>
   <div class='ocr_carea' id='block_1_3' title="bbox 288 448 1280 666">
    <p class='ocr_par' dir='ltr' id='par_1_4' title="bbox 288 448 1280 609">
     <span class='ocr_line' id='line_1_6' title="bbox 288 448 1280 496; baseline 0.001 -12"><span class='ocrx_word' id='word_1_18' title='bbox 288 450 327 485; x_wconf 82' lang='lat'>4.</span> <span class='ocrx_word' id='word_1_19' title='bbox 373 448 471 485; x_wconf 88' lang='lat' dir='ltr'>Dum</span> <span class='ocrx_word' id='word_1_20' title='bbox 504 458 619 495; x_wconf 82' lang='lat' dir='ltr'>genus</span> <span class='ocrx_word' id='word_1_21' title='bbox 652 449 791 485; x_wconf 81' lang='lat' dir='ltr'>celsum</span> <span class='ocrx_word' id='word_1_22' title='bbox 825 449 1088 496; x_wconf 81' lang='lat' dir='ltr'>celebremque</span> <span class='ocrx_word' id='word_1_23' title='bbox 1122 448 1280 487; x_wconf 86' lang='lat' dir='ltr'>fundum</span> 
     </span>
     <span class='ocr_line' id='line_1_7' title="bbox 372 505 1192 556; baseline 0.001 -15"><span class='ocrx_word' id='word_1_24' title='bbox 372 505 480 542; x_wconf 88' lang='lat' dir='ltr'>Iussa</span> <span class='ocrx_word' id='word_1_25' title='bbox 511 509 752 542; x_wconf 88' lang='lat' dir='ltr'>contemnens</span> <span class='ocrx_word' id='word_1_26' title='bbox 785 505 938 543; x_wconf 85' lang='lat' dir='ltr'>Domini</span> <span class='ocrx_word' id='word_1_27' title='bbox 970 506 1192 556; x_wconf 85' lang='lat' dir='ltr'>secundum,</span> 
     </span>
     <span class='ocr_line' id='line_1_8' title="bbox 374 561 1220 609; baseline 0.002 -11"><span class='ocrx_word' id='word_1_28' title='bbox 374 561 474 599; x_wconf 87' lang='lat' dir='ltr'>Mira</span> <span class='ocrx_word' id='word_1_29' title='bbox 506 563 587 598; x_wconf 81' lang='lat' dir='ltr'>res!</span> <span class='ocrx_word' id='word_1_30' title='bbox 620 562 760 599; x_wconf 89' lang='lat' dir='ltr'>mundo</span> <span class='ocrx_word' id='word_1_31' title='bbox 792 563 1007 609; x_wconf 84' lang='lat' dir='ltr'>superando</span> <span class='ocrx_word' id='word_1_32' title='bbox 1039 563 1220 600; x_wconf 87' lang='lat' dir='ltr'>mundum</span> 
     </span>
    </p>

    <p class='ocr_par' dir='ltr' id='par_1_5' title="bbox 590 619 899 666">
     <span class='ocr_line' id='line_1_9' title="bbox 590 619 899 666; baseline 0 -10"><span class='ocrx_word' id='word_1_33' title='bbox 590 619 713 666; x_wconf 80' lang='lat' dir='ltr'>Terga</span> <span class='ocrx_word' id='word_1_34' title='bbox 747 619 899 657; x_wconf 84' lang='lat' dir='ltr'>dedisti.</span> 
     </span>
    </p>
   </div>
   <div class='ocr_carea' id='block_1_4' title="bbox 319 715 1150 925">
    <p class='ocr_par' dir='ltr' id='par_1_6' title="bbox 319 715 1150 876">
     <span class='ocr_line' id='line_1_10' title="bbox 319 715 1134 763; baseline -0.001 -10"><span class='ocrx_word' id='word_1_35' title='bbox 319 745 327 753; x_wconf 91' lang='lat'><strong>.</strong></span> <span class='ocrx_word' id='word_1_36' title='bbox 374 715 432 752; x_wconf 90' lang='lat' dir='ltr'>Tu</span> <span class='ocrx_word' id='word_1_37' title='bbox 463 725 586 752; x_wconf 85' lang='lat' dir='ltr'>comes</span> <span class='ocrx_word' id='word_1_38' title='bbox 618 726 730 752; x_wconf 88' lang='lat' dir='ltr'>verus</span> <span class='ocrx_word' id='word_1_39' title='bbox 761 715 915 753; x_wconf 87' lang='lat' dir='ltr'>Domini</span> <span class='ocrx_word' id='word_1_40' title='bbox 945 716 1134 763; x_wconf 83' lang='lat' dir='ltr'>sequelae,</span> 
     </span>
     <span class='ocr_line' id='line_1_11' title="bbox 374 771 1117 817; baseline 0.001 -9"><span class='ocrx_word' id='word_1_41' title='bbox 374 771 443 817; x_wconf 80' lang='lat' dir='ltr'>Qui</span> <span class='ocrx_word' id='word_1_42' title='bbox 477 772 588 809; x_wconf 89' lang='lat' dir='ltr'>dator</span> <span class='ocrx_word' id='word_1_43' title='bbox 618 773 749 809; x_wconf 83' lang='lat' dir='ltr'>reddis</span> <span class='ocrx_word' id='word_1_44' title='bbox 782 772 914 809; x_wconf 88' lang='lat' dir='ltr'>celeris</span> <span class='ocrx_word' id='word_1_45' title='bbox 946 773 1117 809; x_wconf 87' lang='lat' dir='ltr'>medelae</span> 
     </span>
     <span class='ocr_line' id='line_1_12' title="bbox 374 829 1150 876; baseline 0.001 -11"><span class='ocrx_word' id='word_1_46' title='bbox 374 829 574 865; x_wconf 90' lang='lat' dir='ltr'>Luminum</span> <span class='ocrx_word' id='word_1_47' title='bbox 606 829 727 866; x_wconf 89' lang='lat' dir='ltr'>caecis</span> <span class='ocrx_word' id='word_1_48' title='bbox 761 830 876 866; x_wconf 87' lang='lat' dir='ltr'>decus</span> <span class='ocrx_word' id='word_1_49' title='bbox 908 833 945 865; x_wconf 84' lang='lat' dir='ltr'>et</span> <span class='ocrx_word' id='word_1_50' title='bbox 976 830 1150 876; x_wconf 86' lang='lat' dir='ltr'>loquelae</span> 
     </span>
    </p>

    <p class='ocr_par' dir='ltr' id='par_1_7' title="bbox 588 886 907 925">
     <span class='ocr_line' id='line_1_13' title="bbox 588 886 907 925; baseline 0.006 -2"><span class='ocrx_word' id='word_1_51' title='bbox 588 886 748 923; x_wconf 86' lang='lat' dir='ltr'>Munera</span> <span class='ocrx_word' id='word_1_52' title='bbox 781 886 907 925; x_wconf 88' lang='lat' dir='ltr'>mutis.</span> 
     </span>
    </p>
   </div>
   <div class='ocr_carea' id='block_1_5' title="bbox 290 718 311 753">
    <p class='ocr_par' dir='ltr' id='par_1_8' title="bbox 290 718 311 753">
     <span class='ocr_line' id='line_1_14' title="bbox 290 718 311 753; textangle 90"><span class='ocrx_word' id='word_1_53' title='bbox 290 718 311 753; x_wconf 61' lang='lat'>&lt;51</span> 
     </span>
    </p>
   </div>
   <div class='ocr_carea' id='block_1_6' title="bbox 289 979 1131 1191">
    <p class='ocr_par' dir='ltr' id='par_1_9' title="bbox 289 979 1131 1145">
     <span class='ocr_line' id='line_1_15' title="bbox 289 979 1071 1029; baseline 0 -10"><span class='ocrx_word' id='word_1_54' title='bbox 289 983 324 1022; x_wconf 83' lang='lat'>6.</span> <span class='ocrx_word' id='word_1_55' title='bbox 372 981 430 1018; x_wconf 90' lang='lat' dir='ltr'>Tu</span> <span class='ocrx_word' id='word_1_56' title='bbox 459 981 522 1027; x_wconf 89' lang='lat' dir='ltr'>pio</span> <span class='ocrx_word' id='word_1_57' title='bbox 553 979 740 1018; x_wconf 82' lang='lat' dir='ltr'>transfers</span> <span class='ocrx_word' id='word_1_58' title='bbox 772 981 897 1018; x_wconf 90' lang='lat' dir='ltr'>auimo</span> <span class='ocrx_word' id='word_1_59' title='bbox 929 982 1071 1029; x_wconf 89' lang='lat' dir='ltr'>petitus</span> 
     </span>
     <span class='ocr_line' id='line_1_16' title="bbox 372 1036 1131 1086; baseline 0.003 -12"><span class='ocrx_word' id='word_1_60' title='bbox 372 1036 588 1085; x_wconf 86' lang='lat' dir='ltr'>Naufragas</span> <span class='ocrx_word' id='word_1_61' title='bbox 620 1042 777 1085; x_wconf 84' lang='lat' dir='ltr'>mentes,</span> <span class='ocrx_word' id='word_1_62' title='bbox 809 1036 940 1085; x_wconf 77' lang='lat' dir='ltr'>opifex</span> <span class='ocrx_word' id='word_1_63' title='bbox 972 1039 1131 1086; x_wconf 84' lang='lat' dir='ltr'>peritus,</span> 
     </span>
     <span class='ocr_line' id='line_1_17' title="bbox 371 1094 1120 1145; baseline 0 -12"><span class='ocrx_word' id='word_1_64' title='bbox 371 1095 482 1133; x_wconf 83' lang='lat' dir='ltr'>Pacis</span> <span class='ocrx_word' id='word_1_65' title='bbox 513 1094 562 1132; x_wconf 87' lang='lat' dir='ltr'>ad</span> <span class='ocrx_word' id='word_1_66' title='bbox 594 1099 744 1141; x_wconf 88' lang='lat' dir='ltr'>portum</span> <span class='ocrx_word' id='word_1_67' title='bbox 776 1095 982 1142; x_wconf 86' lang='lat' dir='ltr'>veniaeque</span> <span class='ocrx_word' id='word_1_68' title='bbox 1014 1096 1120 1145; x_wconf 86' lang='lat' dir='ltr'>litus,</span> 
     </span>
    </p>

    <p class='ocr_par' dir='ltr' id='par_1_10' title="bbox 592 1152 872 1191">
     <span class='ocr_line' id='line_1_18' title="bbox 592 1152 872 1191; baseline 0.007 -2"><span class='ocrx_word' id='word_1_69' title='bbox 592 1153 694 1190; x_wconf 84' lang='lat' dir='ltr'>Aura</span> <span class='ocrx_word' id='word_1_70' title='bbox 725 1152 872 1191; x_wconf 83' lang='lat' dir='ltr'>salutis.</span> 
     </span>
    </p>
   </div>
   <div class='ocr_carea' id='block_1_7' title="bbox 292 1248 1241 1465">
    <p class='ocr_par' dir='ltr' id='par_1_11' title="bbox 292 1248 1241 1413">
     <span class='ocr_line' id='line_1_19' title="bbox 292 1248 1226 1295; baseline 0 -9"><span class='ocrx_word' id='word_1_71' title='bbox 292 1249 326 1286; x_wconf 82' lang='lat'>7.</span> <span class='ocrx_word' id='word_1_72' title='bbox 374 1248 487 1294; x_wconf 84' lang='lat' dir='ltr'>Hine,</span> <span class='ocrx_word' id='word_1_73' title='bbox 521 1248 621 1295; x_wconf 86' lang='lat' dir='ltr'>quod</span> <span class='ocrx_word' id='word_1_74' title='bbox 651 1252 693 1285; x_wconf 87' lang='lat' dir='ltr'>ut</span> <span class='ocrx_word' id='word_1_75' title='bbox 724 1253 878 1285; x_wconf 88' lang='lat' dir='ltr'>sanctus</span> <span class='ocrx_word' id='word_1_76' title='bbox 910 1249 1045 1286; x_wconf 86' lang='lat' dir='ltr'>merito</span> <span class='ocrx_word' id='word_1_77' title='bbox 1077 1249 1226 1294; x_wconf 84' lang='lat' dir='ltr'>colaris,</span> 
     </span>
     <span class='ocr_line' id='line_1_20' title="bbox 372 1305 1241 1355; baseline 0.002 -14"><span class='ocrx_word' id='word_1_78' title='bbox 372 1305 481 1351; x_wconf 81' lang='lat' dir='ltr'>Quod</span> <span class='ocrx_word' id='word_1_79' title='bbox 514 1305 594 1342; x_wconf 88' lang='lat' dir='ltr'>Deo</span> <span class='ocrx_word' id='word_1_80' title='bbox 627 1305 773 1355; x_wconf 85' lang='lat' dir='ltr'>dignus,</span> <span class='ocrx_word' id='word_1_81' title='bbox 809 1306 910 1352; x_wconf 88' lang='lat' dir='ltr'>quod</span> <span class='ocrx_word' id='word_1_82' title='bbox 944 1310 981 1342; x_wconf 87' lang='lat' dir='ltr'>et</span> <span class='ocrx_word' id='word_1_83' title='bbox 1011 1306 1241 1352; x_wconf 81' lang='lat' dir='ltr'>assequaris,</span> 
     </span>
     <span class='ocr_line' id='line_1_21' title="bbox 373 1362 1240 1413; baseline 0.001 -15"><span class='ocrx_word' id='word_1_84' title='bbox 373 1362 567 1408; x_wconf 77' lang='lat' dir='ltr'>Quidquid</span> <span class='ocrx_word' id='word_1_85' title='bbox 598 1362 789 1399; x_wconf 80' lang='lat' dir='ltr'>excelsum</span> <span class='ocrx_word' id='word_1_86' title='bbox 822 1362 1023 1400; x_wconf 90' lang='lat' dir='ltr'>Dominum</span> <span class='ocrx_word' id='word_1_87' title='bbox 1057 1363 1240 1413; x_wconf 86' lang='lat' dir='ltr'>precaris,</span> 
     </span>
    </p>

    <p class='ocr_par' dir='ltr' id='par_1_12' title="bbox 588 1418 898 1465">
     <span class='ocr_line' id='line_1_22' title="bbox 588 1418 898 1465; baseline 0.003 -9"><span class='ocrx_word' id='word_1_88' title='bbox 588 1418 716 1456; x_wconf 87' lang='lat' dir='ltr'>Claret</span> <span class='ocrx_word' id='word_1_89' title='bbox 747 1419 898 1465; x_wconf 86' lang='lat' dir='ltr'>ubique.</span> 
     </span>
    </p>
   </div>
   <div class='ocr_carea' id='block_1_8' title="bbox 289 1514 1115 1733">
    <p class='ocr_par' dir='ltr' id='par_1_13' title="bbox 289 1514 1115 1676">
     <span class='ocr_line' id='line_1_23' title="bbox 289 1514 1115 1564; baseline -0.001 -10"><span class='ocrx_word' id='word_1_90' title='bbox 289 1517 326 1555; x_wconf 90' lang='lat'>8.</span> <span class='ocrx_word' id='word_1_91' title='bbox 374 1515 479 1562; x_wconf 89' lang='lat' dir='ltr'>Ergo</span> <span class='ocrx_word' id='word_1_92' title='bbox 509 1526 580 1562; x_wconf 89' lang='lat' dir='ltr'>pro</span> <span class='ocrx_word' id='word_1_93' title='bbox 611 1514 734 1564; x_wconf 89' lang='lat' dir='ltr'>nobis,</span> <span class='ocrx_word' id='word_1_94' title='bbox 767 1516 829 1562; x_wconf 87' lang='lat' dir='ltr'>pie</span> <span class='ocrx_word' id='word_1_95' title='bbox 859 1520 1002 1563; x_wconf 74' lang='lat' dir='ltr'>pastor,</span> <span class='ocrx_word' id='word_1_96' title='bbox 1036 1527 1115 1561; x_wconf 80' lang='lat' dir='ltr'>ora,</span> 
     </span>
     <span class='ocr_line' id='line_1_24' title="bbox 376 1572 1072 1610; baseline 0.003 -2"><span class='ocrx_word' id='word_1_97' title='bbox 376 1572 455 1609; x_wconf 90' lang='lat' dir='ltr'>Nos</span> <span class='ocrx_word' id='word_1_98' title='bbox 482 1576 523 1608; x_wconf 92' lang='lat' dir='ltr'>ut</span> <span class='ocrx_word' id='word_1_99' title='bbox 554 1576 726 1609; x_wconf 82' lang='lat' dir='ltr'>extrema</span> <span class='ocrx_word' id='word_1_100' title='bbox 757 1572 876 1610; x_wconf 86' lang='lat' dir='ltr'>facias</span> <span class='ocrx_word' id='word_1_101' title='bbox 907 1573 946 1610; x_wconf 89' lang='lat' dir='ltr'>in</span> <span class='ocrx_word' id='word_1_102' title='bbox 977 1573 1072 1610; x_wconf 87' lang='lat' dir='ltr'>hora</span> 
     </span>
     <span class='ocr_line' id='line_1_25' title="bbox 374 1628 1039 1676; baseline 0.003 -11"><span class='ocrx_word' id='word_1_103' title='bbox 374 1628 545 1666; x_wconf 85' lang='lat' dir='ltr'>Horrida</span> <span class='ocrx_word' id='word_1_104' title='bbox 576 1629 687 1676; x_wconf 86' lang='lat' dir='ltr'>longe</span> <span class='ocrx_word' id='word_1_105' title='bbox 718 1630 863 1676; x_wconf 84' lang='lat' dir='ltr'>positos</span> <span class='ocrx_word' id='word_1_106' title='bbox 892 1630 940 1666; x_wconf 89' lang='lat' dir='ltr'>ab</span> <span class='ocrx_word' id='word_1_107' title='bbox 972 1641 1039 1667; x_wconf 80' lang='lat' dir='ltr'>ora</span> 
     </span>
    </p>

    <p class='ocr_par' dir='ltr' id='par_1_14' title="bbox 592 1687 889 1733">
     <span class='ocr_line' id='line_1_26' title="bbox 592 1687 889 1733; baseline -0.003 -10"><span class='ocrx_word' id='word_1_108' title='bbox 592 1687 718 1724; x_wconf 86' lang='lat' dir='ltr'>Partis</span> <span class='ocrx_word' id='word_1_109' title='bbox 749 1687 889 1733; x_wconf 87' lang='lat' dir='ltr'>inique.</span> 
     </span>
    </p>
   </div>
   <div class='ocr_carea' id='block_1_9' title="bbox 43 1781 1617 2096">
    <p class='ocr_par' dir='ltr' id='par_1_15' title="bbox 43 1781 1617 2096">
     <span class='ocr_line' id='line_1_27' title="bbox 133 1781 1615 1825; baseline 0.001 -12"><span class='ocrx_word' id='word_1_110' title='bbox 133 1782 198 1822; x_wconf 89' lang='lat' dir='ltr'>Ep.</span> <span class='ocrx_word' id='word_1_111' title='bbox 223 1781 322 1813; x_wconf 88' lang='lat' dir='ltr'>XIII.</span> <span class='ocrx_word' id='word_1_112' title='bbox 348 1797 391 1802; x_wconf 91' lang='lat'>—</span> <span class='ocrx_word' id='word_1_113' title='bbox 416 1782 495 1813; x_wconf 89' lang='lat' dir='ltr'>Non</span> <span class='ocrx_word' id='word_1_114' title='bbox 521 1781 633 1812; x_wconf 91' lang='lat' dir='ltr'>solum</span> <span class='ocrx_word' id='word_1_115' title='bbox 658 1782 794 1823; x_wconf 79' lang='lat' dir='ltr'>generis</span> <span class='ocrx_word' id='word_1_116' title='bbox 823 1781 1040 1823; x_wconf 78' lang='lat' dir='ltr'>principalis,</span> <span class='ocrx_word' id='word_1_117' title='bbox 1073 1781 1133 1813; x_wconf 88' lang='lat' dir='ltr'>sed</span> <span class='ocrx_word' id='word_1_118' title='bbox 1158 1782 1287 1823; x_wconf 80' lang='lat' dir='ltr'>regalis</span> <span class='ocrx_word' id='word_1_119' title='bbox 1314 1784 1417 1815; x_wconf 83' lang='lat' dir='ltr'>etiam</span> <span class='ocrx_word' id='word_1_120' title='bbox 1443 1783 1615 1825; x_wconf 75' lang='lat' dir='ltr'>(lignitate</span> 
     </span>
     <span class='ocr_line' id='line_1_28' title="bbox 43 1826 1616 1865; baseline 0.001 -6"><span class='ocrx_word' id='word_1_121' title='bbox 43 1838 107 1859; x_wconf 87' lang='lat' dir='ltr'>nec</span> <span class='ocrx_word' id='word_1_122' title='bbox 132 1829 248 1859; x_wconf 84' lang='lat' dir='ltr'>minus</span> <span class='ocrx_word' id='word_1_123' title='bbox 273 1828 367 1859; x_wconf 83' lang='lat' dir='ltr'>vitae</span> <span class='ocrx_word' id='word_1_124' title='bbox 392 1827 504 1858; x_wconf 82' lang='lat' dir='ltr'>titulis</span> <span class='ocrx_word' id='word_1_125' title='bbox 532 1826 791 1858; x_wconf 78' lang='lat' dir='ltr'>excellentioris</span> <span class='ocrx_word' id='word_1_126' title='bbox 817 1827 957 1865; x_wconf 79' lang='lat' dir='ltr'>illustri,</span> <span class='ocrx_word' id='word_1_127' title='bbox 987 1827 1127 1858; x_wconf 89' lang='lat' dir='ltr'>domino</span> <span class='ocrx_word' id='word_1_128' title='bbox 1154 1831 1189 1859; x_wconf 90' lang='lat' dir='ltr'>et</span> <span class='ocrx_word' id='word_1_129' title='bbox 1215 1828 1390 1860; x_wconf 84' lang='lat' dir='ltr'>avunculo</span> <span class='ocrx_word' id='word_1_130' title='bbox 1417 1840 1478 1860; x_wconf 86' lang='lat' dir='ltr'>suo</span> <span class='ocrx_word' id='word_1_131' title='bbox 1506 1830 1546 1861; x_wconf 70' lang='lat' dir='ltr'>N.</span> <span class='ocrx_word' id='word_1_132' title='bbox 1573 1848 1616 1852; x_wconf 90' lang='lat'>—</span> 
     </span>
     <span class='ocr_line' id='line_1_29' title="bbox 45 1871 1611 1914; baseline 0.001 -10"><span class='ocrx_word' id='word_1_133' title='bbox 45 1873 108 1904; x_wconf 87' lang='lat' dir='ltr'>Am</span> <span class='ocrx_word' id='word_1_134' title='bbox 143 1872 299 1905; x_wconf 84' lang='lat' dir='ltr'>Schluss:</span> <span class='ocrx_word' id='word_1_135' title='bbox 336 1871 450 1913; x_wconf 83' lang='lat' dir='ltr'>„Ante</span> <span class='ocrx_word' id='word_1_136' title='bbox 486 1882 623 1904; x_wconf 83' lang='lat' dir='ltr'>sacrum</span> <span class='ocrx_word' id='word_1_137' title='bbox 662 1873 761 1903; x_wconf 84' lang='lat' dir='ltr'>cuius</span> <span class='ocrx_word' id='word_1_138' title='bbox 800 1873 909 1904; x_wconf 79' lang='lat' dir='ltr'>altare</span> <span class='ocrx_word' id='word_1_139' title='bbox 942 1872 1041 1904; x_wconf 83' lang='lat' dir='ltr'>flexis</span> <span class='ocrx_word' id='word_1_140' title='bbox 1074 1874 1242 1914; x_wconf 87' lang='lat' dir='ltr'>genibus,</span> <span class='ocrx_word' id='word_1_141' title='bbox 1280 1876 1404 1906; x_wconf 83' lang='lat' dir='ltr'>erectis</span> <span class='ocrx_word' id='word_1_142' title='bbox 1438 1875 1611 1913; x_wconf 75' lang='lat' dir='ltr'>manibus,</span> 
     </span>
     <span class='ocr_line' id='line_1_30' title="bbox 46 1917 1616 1960; baseline 0.001 -11"><span class='ocrx_word' id='word_1_143' title='bbox 46 1919 183 1960; x_wconf 85' lang='lat' dir='ltr'>supinis</span> <span class='ocrx_word' id='word_1_144' title='bbox 216 1918 346 1957; x_wconf 88' lang='lat' dir='ltr'>oculis,</span> <span class='ocrx_word' id='word_1_145' title='bbox 376 1928 519 1959; x_wconf 86' lang='lat' dir='ltr'>corpore</span> <span class='ocrx_word' id='word_1_146' title='bbox 553 1917 659 1949; x_wconf 87' lang='lat' dir='ltr'>simul</span> <span class='ocrx_word' id='word_1_147' title='bbox 694 1927 734 1949; x_wconf 82' lang='lat' dir='ltr'>ac</span> <span class='ocrx_word' id='word_1_148' title='bbox 763 1921 876 1949; x_wconf 86' lang='lat' dir='ltr'>mente</span> <span class='ocrx_word' id='word_1_149' title='bbox 903 1918 1066 1959; x_wconf 81' lang='lat' dir='ltr'>profusus</span> <span class='ocrx_word' id='word_1_150' title='bbox 1092 1918 1135 1949; x_wconf 84' lang='lat' dir='ltr'>ad</span> <span class='ocrx_word' id='word_1_151' title='bbox 1161 1919 1323 1951; x_wconf 85' lang='lat' dir='ltr'>sublimis</span> <span class='ocrx_word' id='word_1_152' title='bbox 1349 1921 1466 1951; x_wconf 82' lang='lat' dir='ltr'>curiae</span> <span class='ocrx_word' id='word_1_153' title='bbox 1492 1921 1616 1952; x_wconf 81' lang='lat' dir='ltr'>faciem</span> 
     </span>
     <span class='ocr_line' id='line_1_31' title="bbox 45 1963 1617 2005; baseline 0.001 -10"><span class='ocrx_word' id='word_1_154' title='bbox 45 1963 180 1996; x_wconf 86' lang='lat' dir='ltr'>fidelem</span> <span class='ocrx_word' id='word_1_155' title='bbox 217 1973 345 1995; x_wconf 81' lang='lat' dir='ltr'>causae</span> <span class='ocrx_word' id='word_1_156' title='bbox 382 1973 480 1994; x_wconf 87' lang='lat' dir='ltr'>meae</span> <span class='ocrx_word' id='word_1_157' title='bbox 517 1963 674 2005; x_wconf 80' lang='lat' dir='ltr'>dirigens</span> <span class='ocrx_word' id='word_1_158' title='bbox 712 1963 919 1995; x_wconf 78' lang='lat' dir='ltr'>advocatum</span> <span class='ocrx_word' id='word_1_159' title='bbox 953 1964 1145 1996; x_wconf 83' lang='lat' dir='ltr'>famulante</span> <span class='ocrx_word' id='word_1_160' title='bbox 1178 1965 1285 1996; x_wconf 89' lang='lat' dir='ltr'>fluvio</span> <span class='ocrx_word' id='word_1_161' title='bbox 1319 1965 1541 1997; x_wconf 80' lang='lat' dir='ltr'>lacrimarum</span> <span class='ocrx_word' id='word_1_162' title='bbox 1574 1966 1617 1997; x_wconf 76' lang='lat' dir='ltr'>ad</span> 
     </span>
     <span class='ocr_line' id='line_1_32' title="bbox 47 2009 1614 2053; baseline 0.001 -13"><span class='ocrx_word' id='word_1_163' title='bbox 47 2013 184 2050; x_wconf 86' lang='lat' dir='ltr'>portum</span> <span class='ocrx_word' id='word_1_164' title='bbox 220 2009 482 2041; x_wconf 85' lang='lat' dir='ltr'>misericordiae</span> <span class='ocrx_word' id='word_1_165' title='bbox 518 2018 602 2041; x_wconf 85' lang='lat' dir='ltr'>suae</span> <span class='ocrx_word' id='word_1_166' title='bbox 640 2009 773 2040; x_wconf 87' lang='lat' dir='ltr'>nullum</span> <span class='ocrx_word' id='word_1_167' title='bbox 812 2010 937 2041; x_wconf 86' lang='lat' dir='ltr'>timens</span> <span class='ocrx_word' id='word_1_168' title='bbox 977 2009 1137 2050; x_wconf 86' lang='lat' dir='ltr'>repulsae</span> <span class='ocrx_word' id='word_1_169' title='bbox 1174 2010 1397 2051; x_wconf 80' lang='lat' dir='ltr'>naufragium</span> <span class='ocrx_word' id='word_1_170' title='bbox 1433 2012 1614 2053; x_wconf 75' lang='lat' dir='ltr'>navigium</span> 
     </span>
     <span class='ocr_line' id='line_1_33' title="bbox 46 2052 906 2096; baseline 0 -10"><span class='ocrx_word' id='word_1_171' title='bbox 46 2054 153 2086; x_wconf 90' lang='lat' dir='ltr'>huius</span> <span class='ocrx_word' id='word_1_172' title='bbox 179 2055 348 2086; x_wconf 86' lang='lat' dir='ltr'>orationis</span> <span class='ocrx_word' id='word_1_173' title='bbox 373 2055 513 2096; x_wconf 89' lang='lat' dir='ltr'>impegi.</span> <span class='ocrx_word' id='word_1_174' title='bbox 540 2072 581 2076; x_wconf 95' lang='lat'><strong>—</strong></span> <span class='ocrx_word' id='word_1_175' title='bbox 610 2055 714 2086; x_wconf 88' lang='lat' dir='ltr'>Mone</span> <span class='ocrx_word' id='word_1_176' title='bbox 740 2055 803 2093; x_wconf 84' lang='grc' dir='ltr'>ΙΙΙ,</span> <span class='ocrx_word' id='word_1_177' title='bbox 832 2052 906 2086; x_wconf 84' lang='grc'><strong>165.</strong></span> 
     </span>
    </p>
   </div>
   <div class='ocr_carea' id='block_1_10' title="bbox 498 2193 1153 2237">
    <p class='ocr_par' dir='ltr' id='par_1_16' title="bbox 498 2193 1153 2237">
     <span class='ocr_line' id='line_1_34' title="bbox 498 2193 1153 2237; baseline 0.002 -9"><span class='ocrx_word' id='word_1_178' title='bbox 498 2194 579 2230; x_wconf 78' lang='lat'><strong>351.</strong></span> <span class='ocrx_word' id='word_1_179' title='bbox 617 2193 674 2237; x_wconf 77' lang='lat'>(8.)</span> <span class='ocrx_word' id='word_1_180' title='bbox 711 2195 769 2228; x_wconf 86' lang='lat' dir='ltr'>De</span> <span class='ocrx_word' id='word_1_181' title='bbox 797 2195 942 2229; x_wconf 85' lang='lat' dir='ltr'>sancto</span> <span class='ocrx_word' id='word_1_182' title='bbox 970 2194 1153 2237; x_wconf 77' lang='lat' dir='ltr'>Aeg-idio.</span> 
     </span>
    </p>
   </div>
   <div class='ocr_carea' id='block_1_11' title="bbox 186 2281 1390 2838">
    <p class='ocr_par' dir='ltr' id='par_1_17' title="bbox 186 2281 1390 2838">
     <span class='ocr_line' id='line_1_35' title="bbox 267 2281 1330 2330; baseline -0.001 -9"><span class='ocrx_word' id='word_1_183' title='bbox 267 2282 437 2330; x_wconf 87' lang='lat' dir='ltr'>Suscipe,</span> <span class='ocrx_word' id='word_1_184' title='bbox 470 2288 600 2319; x_wconf 86' lang='lat' dir='ltr'>sancte</span> <span class='ocrx_word' id='word_1_185' title='bbox 630 2285 741 2328; x_wconf 85' lang='lat' dir='ltr'>pater</span> <span class='ocrx_word' id='word_1_186' title='bbox 771 2282 923 2330; x_wconf 80' lang='lat' dir='ltr'>Aegidi,</span> <span class='ocrx_word' id='word_1_187' title='bbox 956 2293 1047 2329; x_wconf 90' lang='lat' dir='ltr'>quos</span> <span class='ocrx_word' id='word_1_188' title='bbox 1081 2282 1152 2319; x_wconf 89' lang='lat' dir='ltr'>tibi</span> <span class='ocrx_word' id='word_1_189' title='bbox 1185 2281 1330 2320; x_wconf 80' lang='lat' dir='ltr'>fructus</span> 
     </span>
     <span class='ocr_line' id='line_1_36' title="bbox 323 2338 1223 2385; baseline 0 -9"><span class='ocrx_word' id='word_1_190' title='bbox 323 2338 522 2385; x_wconf 87' lang='lat' dir='ltr'>Obsequiis</span> <span class='ocrx_word' id='word_1_191' title='bbox 554 2338 706 2385; x_wconf 81' lang='lat' dir='ltr'>peperit</span> <span class='ocrx_word' id='word_1_192' title='bbox 737 2349 842 2375; x_wconf 89' lang='lat' dir='ltr'>mens</span> <span class='ocrx_word' id='word_1_193' title='bbox 874 2349 956 2375; x_wconf 87' lang='lat' dir='ltr'>mea.</span> <span class='ocrx_word' id='word_1_194' title='bbox 986 2343 1108 2385; x_wconf 91' lang='lat' dir='ltr'>nupta</span> <span class='ocrx_word' id='word_1_195' title='bbox 1137 2339 1223 2377; x_wconf 85' lang='lat' dir='ltr'>tuis.</span> 
     </span>
     <span class='ocr_line' id='line_1_37' title="bbox 270 2395 1390 2442; baseline 0.001 -10"><span class='ocrx_word' id='word_1_196' title='bbox 270 2395 440 2442; x_wconf 88' lang='lat' dir='ltr'>Suscipe,</span> <span class='ocrx_word' id='word_1_197' title='bbox 472 2405 564 2442; x_wconf 92' lang='lat' dir='ltr'>quos</span> <span class='ocrx_word' id='word_1_198' title='bbox 596 2395 757 2441; x_wconf 87' lang='lat' dir='ltr'>supplex</span> <span class='ocrx_word' id='word_1_199' title='bbox 789 2395 859 2431; x_wconf 89' lang='lat' dir='ltr'>tibi</span> <span class='ocrx_word' id='word_1_200' title='bbox 891 2395 1027 2432; x_wconf 82' lang='lat' dir='ltr'>dedico</span> <span class='ocrx_word' id='word_1_201' title='bbox 1058 2395 1184 2433; x_wconf 85' lang='lat' dir='ltr'>laudis</span> <span class='ocrx_word' id='word_1_202' title='bbox 1216 2396 1390 2441; x_wconf 82' lang='lat' dir='ltr'>honores,</span> 
     </span>
     <span class='ocr_line' id='line_1_38' title="bbox 321 2451 1012 2498; baseline 0.001 -10"><span class='ocrx_word' id='word_1_203' title='bbox 321 2451 457 2488; x_wconf 84' lang='lat' dir='ltr'>Flores</span> <span class='ocrx_word' id='word_1_204' title='bbox 488 2451 629 2497; x_wconf 86' lang='lat' dir='ltr'>ingenii</span> <span class='ocrx_word' id='word_1_205' title='bbox 662 2451 896 2498; x_wconf 83' lang='lat' dir='ltr'>deliciasque</span> <span class='ocrx_word' id='word_1_206' title='bbox 926 2452 1012 2491; x_wconf 85' lang='lat' dir='ltr'>mei.</span> 
     </span>
     <span class='ocr_line' id='line_1_39' title="bbox 211 2507 1314 2558; baseline 0.002 -13"><span class='ocrx_word' id='word_1_207' title='bbox 211 2509 233 2545; x_wconf 86' lang='lat'>5</span> <span class='ocrx_word' id='word_1_208' title='bbox 266 2508 339 2545; x_wconf 90' lang='lat' dir='ltr'>Ille</span> <span class='ocrx_word' id='word_1_209' title='bbox 370 2507 492 2545; x_wconf 90' lang='lat' dir='ltr'>crucis</span> <span class='ocrx_word' id='word_1_210' title='bbox 524 2507 670 2555; x_wconf 84' lang='lat' dir='ltr'>titulus,</span> <span class='ocrx_word' id='word_1_211' title='bbox 703 2508 796 2545; x_wconf 88' lang='lat' dir='ltr'>haec</span> <span class='ocrx_word' id='word_1_212' title='bbox 826 2508 946 2545; x_wconf 88' lang='lat' dir='ltr'>ubera</span> <span class='ocrx_word' id='word_1_213' title='bbox 976 2519 1129 2555; x_wconf 88' lang='lat' dir='ltr'>semper</span> <span class='ocrx_word' id='word_1_214' title='bbox 1161 2510 1314 2558; x_wconf 86' lang='lat' dir='ltr'>amavit,</span> 
     </span>
     <span class='ocr_line' id='line_1_40' title="bbox 326 2564 1236 2612; baseline 0.003 -10"><span class='ocrx_word' id='word_1_215' title='bbox 326 2566 471 2602; x_wconf 87' lang='lat' dir='ltr'>Pascua</span> <span class='ocrx_word' id='word_1_216' title='bbox 502 2564 628 2601; x_wconf 88' lang='lat' dir='ltr'>cordis</span> <span class='ocrx_word' id='word_1_217' title='bbox 660 2568 761 2601; x_wconf 87' lang='lat' dir='ltr'>amat</span> <span class='ocrx_word' id='word_1_218' title='bbox 792 2564 970 2602; x_wconf 85' lang='lat' dir='ltr'>hinnulus</span> <span class='ocrx_word' id='word_1_219' title='bbox 1001 2565 1068 2602; x_wconf 89' lang='lat' dir='ltr'>ille</span> <span class='ocrx_word' id='word_1_220' title='bbox 1100 2566 1236 2612; x_wconf 71' lang='lat' dir='ltr'>patrie.</span> 
     </span>
     <span class='ocr_line' id='line_1_41' title="bbox 268 2621 1161 2668; baseline 0.001 -10"><span class='ocrx_word' id='word_1_221' title='bbox 268 2622 428 2659; x_wconf 83' lang='lat' dir='ltr'>Pectore</span> <span class='ocrx_word' id='word_1_222' title='bbox 459 2621 608 2658; x_wconf 85' lang='lat' dir='ltr'>sincero</span> <span class='ocrx_word' id='word_1_223' title='bbox 639 2621 734 2658; x_wconf 86' lang='lat' dir='ltr'>nihil</span> <span class='ocrx_word' id='word_1_224' title='bbox 767 2624 824 2658; x_wconf 87' lang='lat' dir='ltr'>est</span> <span class='ocrx_word' id='word_1_225' title='bbox 854 2621 1059 2667; x_wconf 85' lang='lat' dir='ltr'>pretiosius</span> <span class='ocrx_word' id='word_1_226' title='bbox 1091 2622 1161 2668; x_wconf 85' lang='lat' dir='ltr'>illi,</span> 
     </span>
     <span class='ocr_line' id='line_1_42' title="bbox 324 2677 1124 2724; baseline 0.004 -10"><span class='ocrx_word' id='word_1_227' title='bbox 324 2678 463 2715; x_wconf 87' lang='lat' dir='ltr'>Munus</span> <span class='ocrx_word' id='word_1_228' title='bbox 495 2678 529 2714; x_wconf 89' lang='lat' dir='ltr'>ei</span> <span class='ocrx_word' id='word_1_229' title='bbox 559 2677 704 2714; x_wconf 87' lang='lat' dir='ltr'>nullum</span> <span class='ocrx_word' id='word_1_230' title='bbox 736 2678 878 2724; x_wconf 87' lang='lat' dir='ltr'>gratius</span> <span class='ocrx_word' id='word_1_231' title='bbox 910 2688 992 2715; x_wconf 86' lang='lat' dir='ltr'>esse</span> <span class='ocrx_word' id='word_1_232' title='bbox 1025 2689 1124 2718; x_wconf 89' lang='lat' dir='ltr'>reor.</span> 
     </span>
     <span class='ocr_line' id='line_1_43' title="bbox 267 2734 1338 2782; baseline -0.001 -9"><span class='ocrx_word' id='word_1_233' title='bbox 267 2735 381 2773; x_wconf 91' lang='lat' dir='ltr'>Unde</span> <span class='ocrx_word' id='word_1_234' title='bbox 410 2734 481 2771; x_wconf 85' lang='lat' dir='ltr'>tibi</span> <span class='ocrx_word' id='word_1_235' title='bbox 511 2734 702 2782; x_wconf 79' lang='lat' dir='ltr'>placeant,</span> <span class='ocrx_word' id='word_1_236' title='bbox 734 2745 755 2771; x_wconf 95' lang='lat' dir='ltr'>o</span> <span class='ocrx_word' id='word_1_237' title='bbox 789 2734 901 2781; x_wconf 84' lang='lat' dir='ltr'>digne</span> <span class='ocrx_word' id='word_1_238' title='bbox 932 2745 1113 2782; x_wconf 86' lang='lat' dir='ltr'>sacerque</span> <span class='ocrx_word' id='word_1_239' title='bbox 1147 2735 1338 2782; x_wconf 82' lang='lat' dir='ltr'>sacerdos,</span> 
     </span>
     <span class='ocr_line' id='line_1_44' title="bbox 186 2790 1254 2838; baseline 0.002 -10"><span class='ocrx_word' id='word_1_240' title='bbox 186 2790 236 2828; x_wconf 90' lang='lat'>10</span> <span class='ocrx_word' id='word_1_241' title='bbox 327 2791 430 2836; x_wconf 81' lang='lat' dir='ltr'>Quae</span> <span class='ocrx_word' id='word_1_242' title='bbox 462 2795 636 2828; x_wconf 85' lang='lat' dir='ltr'>constant</span> <span class='ocrx_word' id='word_1_243' title='bbox 667 2790 830 2828; x_wconf 91' lang='lat' dir='ltr'>Domino</span> <span class='ocrx_word' id='word_1_244' title='bbox 862 2792 961 2828; x_wconf 87' lang='lat' dir='ltr'>dona</span> <span class='ocrx_word' id='word_1_245' title='bbox 992 2791 1146 2838; x_wconf 87' lang='lat' dir='ltr'>placere</span> <span class='ocrx_word' id='word_1_246' title='bbox 1177 2796 1254 2831; x_wconf 85' lang='lat' dir='ltr'>tu0.</span> 
     </span>
    </p>
   </div>
   <div class='ocr_carea' id='block_1_12' title="bbox 1338 2856 1411 2891">
    <p class='ocr_par' dir='ltr' id='par_1_18' title="bbox 1338 2856 1411 2891">
     <span class='ocr_line' id='line_1_45' title="bbox 1338 2856 1411 2891; baseline -0.027 0"><span class='ocrx_word' id='word_1_247' title='bbox 1338 2856 1411 2891; x_wconf 78' lang='lat'>33*</span> 
     </span>
    </p>
   </div>
  </div>
 </body>
</html>
