1785 3111
703 50 1008 91 —109—

88 168 153 207 13.
184 162 270 206 Nox
302 165 446 203 claudit
475 164 606 202 ambos
638 176 791 203 carcere
906 165 972 203 18.
1006 160 1074 205 Sic
1104 164 1298 211 principes
1330 163 1527 209 ecclesiae,

185 223 304 260 Pleno
333 222 402 260 sed
432 222 590 259 aethrae
620 222 762 259 lumine
1006 222 1069 259 Sic
1100 232 1190 258 vera
1221 220 1351 258 mundi
1382 220 1524 257 lumina

185 280 352 319 Umbras
383 279 511 316 rident
543 283 581 315 et
611 279 776 327 vincula,
1003 278 1142 316 Mortis
1173 277 1366 324 triumpho
1398 277 1517 314 nobili

186 336 327 374 Christi
358 335 490 373 vident
519 336 582 382 qui
614 336 785 383 gloriam.
1005 335 1208 382 Sumpsere
1239 335 1405 381 palmam
1435 334 1590 381 gloriae.

89 452 151 489 14.
185 445 364 497 oppessa
394 450 472 487 leto
503 460 665 496 corpora
909 449 973 488 19.
1006 445 1186 495 Tropaea
1217 458 1374 494 quorum
1406 447 1570 494 insignia

190 507 254 544 Ad
284 507 379 543 lucis
408 517 519 544 auras
548 506 736 543 suscitant
1006 506 1084 543 Iam
1117 506 1237 542 Roma
1269 503 1361 541 felix
1393 504 1572 549 continet,

184 564 400 610 Hostesque
430 563 520 600 iusti
551 562 719 610 perfidos
1003 564 1170 609 Quorum
1203 572 1360 598 coronas
1395 561 1510 598 totius

186 620 348 658 Abdunt
379 620 547 657 tenebris
577 618 704 659 inferi.
1006 619 1119 657 Orbis
1152 618 1320 655 celebrat
1350 618 1525 657 ambitus,

88 735 153 774 15.
187 731 446 781 Praefulgido
477 733 595 769 stolas
626 743 712 770 suas
908 733 974 770 20.
1007 728 1095 770 Vox
1127 742 1215 778 ergo
1246 736 1377 769 nostra
1407 736 1444 768 te
1475 732 1610 779 Deum,

183 791 286 838 Agni
319 800 454 827 cruore
483 790 667 839 laverant,

187 847 384 885 Gustando
415 846 547 883 mortis
579 846 754 892 poculum

184 904 323 942 Mortis
343 903 581 951 triumphant
592 903 818 949 principem.

1007 789 1062 827 Te
1093 789 1209 826 corda
1238 792 1367 825 nostra
1398 793 1615 835 personent,

1007 845 1136 892 Teque
1166 845 1203 882 in
1237 845 1311 882 tuis
1343 845 1555 882 mirabilem

1007 902 1209 940 Collaudet
1240 912 1349 939 omne
1380 903 1584 940 saeculum.

89 1019 153 1058 16.
187 1013 384 1071 Quantum
417 1016 523 1063 sequi
557 1016 752 1053 desideret
908 1017 974 1056 21.
1006 1012 1162 1063 Xriste,
1194 1026 1406 1065 precamur,
1439 1021 1481 1053 ut
1507 1016 1640 1063 quibus

186 1073 331 1113 Christi
362 1073 496 1110 Petrus
528 1073 699 1120 vestigia,
1007 1073 1160 1110 Laudes
1191 1077 1348 1109 ovantes
1381 1073 1553 1113 dicimus,

185 1131 248 1169 Ad
279 1140 391 1177 quem
423 1130 554 1167 venire
584 1141 659 1167 non
690 1129 798 1166 timet
1008 1130 1156 1168 Horum
1188 1128 1263 1166 frui
1294 1141 1362 1166 nos
1394 1130 1531 1167 lucidis

186 1188 336 1226 Scalam
370 1187 494 1224 crucis
527 1197 596 1234 per
623 1188 820 1233 asperam!
1009 1187 1137 1224 Dones
1160 1197 1229 1233 per
1251 1197 1384 1223 aevum
1408 1187 1640 1234 aspectibus.

86 1303 152 1341 17.
185 1298 314 1349 Regni
345 1301 524 1348 perennis
554 1300 687 1338 introit
907 1303 973 1339 22.
1005 1296 1143 1339 Ymnis
1174 1311 1244 1347 per
1273 1301 1444 1338 aethram
1476 1311 1519 1337 ac
1551 1311 1634 1337 sua-

186 1359 327 1396 Paulus
359 1368 430 1404 per
461 1368 587 1394 ensem
619 1357 774 1406 regiam,

185 1416 284 1453 Nam
315 1415 380 1462 qui
402 1415 523 1452 Deum
554 1414 670 1452 habet
691 1417 818 1462 caput,

184 1472 307 1510 Ferro
338 1471 503 1508 libenter
537 1472 603 1509 dat
632 1483 752 1512 suum.

1084 1357 1193 1394 vibus

1006 1415 1278 1461 Apostolorum
1311 1414 1488 1452 laudibus

1009 1471 1150 1508 Noster
1181 1471 1318 1508 chorus
1350 1472 1411 1508 hic
1442 1475 1622 1508 consonet

1006 1529 1167 1566 Psalmis
1199 1539 1358 1565 canorus
1391 1527 1575 1566 dulcibus,

467 1645 533 1683 23.
565 1640 673 1683 Zona
704 1642 888 1689 benignus
920 1653 1036 1679 aurea

562 1700 641 1738 Nos
674 1699 781 1747 cinge
813 1699 1070 1747 castimoniae,

561 1757 614 1795 Ut
645 1761 682 1794 te
716 1757 888 1794 videntes
920 1756 1096 1793 laudibus

560 1814 652 1851 Tuis
684 1824 860 1851 vacemus
892 1818 1085 1860 perpetes,

158 1924 354 1958 Cassander
387 1925 411 1957 l.
445 1936 473 1956 c.
507 1937 539 1967 p.
566 1923 630 1957 271
667 1937 741 1968 sqq.
767 1943 811 1947 —
837 1925 904 1958 Str.
942 1925 968 1965 1,
995 1923 1016 1956 2
1047 1925 1117 1957 und
1144 1923 1186 1957 20
1219 1924 1307 1956 auch
1341 1925 1377 1955 in
1403 1923 1546 1956 Collect.
1574 1934 1634 1954 ms.

67 1970 100 2002 S.
126 1971 314 2002 Michaelis
339 1971 567 2012 Bambergen.
595 1982 683 2003 saec.
715 1969 800 2003 ¹⁰l11.
853 1971 937 2004 Cod.
964 1972 1196 2013 Bambergen.
1223 1971 1250 2001 B
1277 1971 1311 2002 II
1340 1967 1381 2001 10
1405 1968 1454 2007 (in
1479 1966 1633 2000 Alkuins

65 2016 215 2048 Traktat
241 2016 314 2058 „De
340 2016 443 2048 laude
468 2015 580 2058 Dei“).
605 2036 649 2040 —
674 2015 726 2057 20,
753 2015 773 2048 3
798 2018 848 2049 Te
872 2018 967 2049 intus
992 2017 1200 2048 mirabilem.

358 2208 418 2244 87.
454 2209 512 2251 (9.)
548 2209 594 2243 In
620 2208 904 2244 Decollatione
931 2218 965 2244 s.
992 2207 1186 2243 Iohannis
1210 2207 1333 2250 Bapt.

930 2327 967 2366 3.
1000 2326 1096 2364 Nam
1129 2325 1363 2362 nasciturum
1396 2323 1572 2369 saeculis,

997 2382 1199 2420 Nascendo
1224 2391 1333 2428 quem
1365 2384 1625 2428 praevenerat,

996 2440 1055 2477 Ac
1085 2439 1366 2485 baptizaturum
1397 2448 1464 2474 suo

996 2497 1281 2534 Monstraverat
1311 2494 1554 2542 baptismate,

115 2328 150 2364 1.
182 2328 411 2365 Praecessor
441 2327 561 2364 almus
591 2326 737 2374 gratiae

177 2385 229 2422 Et
259 2383 433 2421 veritatis
463 2383 630 2431 angelus,

179 2440 354 2478 Lucerna
387 2440 529 2478 Christi
561 2445 598 2477 et
628 2440 796 2487 perpetis

178 2497 428 2545 Evangelista
457 2497 621 2544 luminis,

996 2609 1164 2647 Huiusce
1194 2612 1353 2645 mortem
1384 2607 1589 2652 innoxiam,

995 2667 1076 2712 Qua
1106 2666 1185 2703 vita
1214 2665 1354 2702 mundo
1380 2663 1533 2700 reddita
1555 2667 1624 2708 est,

995 2723 1127 2770 Signat
1158 2722 1216 2759 sui
1246 2720 1444 2768 praesagio

994 2780 1169 2826 Baptista
1199 2782 1346 2825 martyr
1377 2775 1580 2823 sanguinis.

111 2611 148 2648 2.
181 2610 410 2657 Prophetiae
438 2610 653 2659 praeconia,
925 2611 965 2651 4.

182 2667 287 2713 Quae
317 2678 421 2715 voce,
453 2667 532 2704 vita
562 2671 599 2704 et
629 2666 776 2704 actibus

179 2722 422 2773 Cantaverat,
454 2723 549 2761 haec
579 2724 714 2761 astruit

182 2779 320 2817 Mortis
353 2781 484 2818 sacrae
515 2781 721 2828 signaculo.
