1785 3111
703 102 982 141 —35—

118 219 183 257 12.
244 218 359 266 Ecce,
393 217 486 255 duas
518 216 610 254 fidei
640 227 783 253 summo
814 221 924 262 patre
957 214 1176 251 conferente
1210 214 1330 261 dotes,

312 273 410 312 Urbi
442 273 621 310 colendas
653 284 746 320 quas
780 273 886 310 dedit
917 277 1079 319 togatae.

121 367 185 405 13.
247 365 327 402 Nos
358 365 409 402 ad
435 369 636 411 utrumque
665 370 791 401 tamen
823 374 955 411 gressu
985 373 1232 412 properemus
1263 363 1435 409 incitato,

311 421 362 458 Et
393 421 451 459 his
482 427 519 458 et
549 421 626 458 illis
658 420 901 468 perfruamur
931 421 1094 467 hymnis.

121 513 188 552 14.
250 511 329 549 Nos
360 512 473 550 modo
503 512 753 560 supplicibus,
785 511 938 559 fratres,
971 512 1175 557 rogitemus
1206 522 1362 558 precum
1392 512 1502 558 votis,

313 569 392 606 Nos
423 580 508 607 reos
536 570 676 606 nostris
708 570 859 608 solvant
888 574 929 605 ut
960 579 982 604 a
1013 568 1135 606 noxis.

121 660 185 698 15.
247 659 303 697 Sit
335 660 499 706 genitori
529 660 630 696 salus
661 670 733 706 par
763 659 811 695 sit
842 658 1042 705 genitoque
1072 658 1198 696 laudis
1232 655 1426 710 [hymnus]

314 715 561 764 Spirituique,
594 716 658 763 qui
690 727 761 762 par
792 722 848 751 est
879 715 1042 762 utrique.

155 806 283 847 Hymn.
312 810 346 838 et
371 808 536 847 Sequent.
563 816 624 836 ms.
654 805 936 837 Fredeslariense
962 816 1051 837 saec.
1080 804 1131 836 11.
1158 817 1210 837 ex.
1259 806 1343 837 Cod.
1370 805 1549 837 Casselan.
1567 805 1622 837 Ms

58 851 124 884 heo
143 876 150 883 .
181 848 248 883 1V⁰
288 849 342 883 25.
366 869 410 872 -
438 849 478 883 19
506 851 586 893 Ipse
612 852 761 893 primum
787 851 938 882 sibimet.
966 868 1008 872 ——
1038 849 1078 882 14
1103 862 1153 893 sq.
1180 852 1336 882 Zusatze.

337 985 396 1022 35.
433 987 490 1028 (14
500 988 545 1030 a.)
581 987 756 1030 Hymnus
780 986 892 1022 beati
918 985 1121 1022 vincentii
1147 984 1356 1029 Martyris.

408 1055 616 1100 (Peristeph.
642 1059 682 1096 V,
711 1056 840 1097 1—12;
869 1055 1065 1090 545—548:
1093 1054 1298 1097 557—560.)

907 1154 946 1189 4.
978 1150 1125 1187 Adesto
1156 1160 1256 1186 nunc
1287 1154 1323 1186 et
1354 1149 1510 1196 percipe

978 1207 1101 1243 Voces
1132 1210 1353 1253 precantum
1388 1206 1594 1253 supplices,

976 1264 1109 1301 Nostri
1140 1268 1267 1300 reatus
1299 1262 1435 1300 efficax

978 1321 1117 1359 Orator
1147 1321 1195 1357 ad
1229 1320 1405 1357 thronum
1436 1320 1570 1367 patris,

86 1150 124 1189 1.
156 1150 274 1187 Beate
305 1154 465 1199 martyr,
498 1161 684 1197 prospera

154 1205 265 1243 Diem
294 1206 563 1254 triumphalem
595 1212 713 1253 tuum,

156 1262 236 1308 Quo
269 1264 464 1310 sanguinis
495 1275 640 1302 merces
668 1264 740 1301 tibi

158 1319 320 1368 Corona,
353 1321 542 1367 Vincenti,
577 1322 700 1362 datur,

907 1425 944 1461 5.
975 1422 1163 1459 Miserere
1195 1427 1414 1459 nostrarum
1445 1433 1614 1471 precum,

978 1480 1156 1517 Placatus
1187 1484 1228 1515 ut
1261 1479 1435 1516 Christus
1467 1479 1544 1516 suis

977 1536 1141 1574 Inclinet
1173 1546 1302 1573 aurem
1334 1546 1560 1583 prosperam

977 1593 1107 1630 Noxas
1139 1603 1208 1629 nec
1237 1603 1366 1630 omnes
1397 1593 1572 1639 imputet.

86 1423 123 1460 2.
158 1422 233 1459 Hic
265 1426 303 1459 te
335 1433 381 1460 ex
411 1423 580 1460 tenebris
611 1424 752 1461 saeculi

156 1478 319 1516 Tortore
352 1479 452 1517 victo
484 1484 520 1516 et
551 1480 677 1517 iudice

154 1535 294 1573 Evexit
328 1537 378 1574 ad
407 1537 552 1574 caelum
585 1537 666 1574 dies

157 1592 385 1640 Christoque
416 1599 592 1631 ovantem
624 1594 808 1632 reddidit.

89 1695 128 1732 3.
159 1693 271 1731 Nunc
302 1695 520 1741 angelorum
553 1695 747 1743 particeps
906 1697 942 1734 6.
976 1695 1179 1742 Extingue‚
1215 1698 1373 1741 martyr,
1405 1695 1569 1744 grandia

159 1751 332 1789 Colluces
362 1752 501 1799 insigni
532 1752 642 1800 stola,
976 1752 1250 1788 Discriminum
1281 1751 1471 1801 incendia,

155 1809 274 1856 Quam
306 1809 416 1845 testis
447 1809 690 1846 indomabilis
979 1809 1029 1847 Ut
1064 1820 1178 1854 puros
1211 1819 1279 1845 nos
1311 1808 1461 1845 siderea

159 1864 266 1903 Rivis
300 1865 445 1902 cruoris
477 1866 640 1904 laveras,
980 1865 1135 1902 Sursum
1165 1869 1361 1913 receptent
1395 1865 1547 1911 gaudia.

473 1970 508 2009 7.
542 1969 716 2006 Praestet
746 1974 857 2016 pater
887 1974 923 2005 et
954 1968 1067 2012 filius,

541 2027 717 2064 Praestet
747 2026 943 2063 amborum
974 2026 1143 2072 spiritus,

542 2083 715 2121 Praestet
746 2093 863 2121 verax
894 2088 931 2119 et
962 2083 1116 2128 veritas⁷

546 2140 717 2176 Praestet
748 2140 944 2178 amborum
978 2140 1131 2177 caritas.

166 2239 311 2271 Collect.
342 2251 406 2272 ms.
440 2242 595 2272 incertae
629 2242 716 2283 orig.
749 2251 839 2273 saec.
874 2238 961 2272 ¹00'11.
1011 2241 1094 2272 Cod.
1126 2241 1278 2272 Parisin.
1312 2237 1413 2272 4626.
1446 2240 1524 2272 add.
1555 2250 1645 2271 saec.

78 2280 163 2315 ¹⁰l11.
194 2302 235 2306 -
271 2285 339 2317 Str.
373 2284 394 2317 6
425 2287 495 2318 und
529 2284 548 2317 7
581 2287 651 2328 vgl.
684 2287 786 2318 Anal.
819 2287 915 2320 XIX.
941 2284 1018 2323 ⁴270,
1044 2287 1104 2318 ΝΥ.
1129 2284 1206 2318 490.
1233 2289 1301 2317 Str.
1325 2285 1348 2317 4
1372 2285 1443 2317 und
1468 2283 1498 2316 6.
1549 2285 1647 2318 Nach

77 2328 207 2361 diesem
239 2331 400 2372 Hymnus
431 2331 518 2374 folgt
552 2333 587 2363 in
622 2332 682 2364 der
714 2333 777 2364 Hs.
814 2333 875 2373 „In
900 2329 1121 2364 Laudibus“:
1157 2330 1293 2363 Christi
1326 2329 1424 2363 miles·
1451 2329 1647 2372 pretiosus,

77 2374 179 2407 Anal.
203 2377 299 2414 XIX,
328 2375 404 2409 271.

495 2487 554 2523 36.
590 2488 703 2530 (1412.)
737 2488 795 2522 De
822 2488 963 2523 sancto
990 2487 1220 2524 Vincentio.

538 2558 745 2599 (Peristeph.
770 2559 812 2596 V,
841 2556 965 2599 1—1'23
992 2555 1195 2598 281—296).

911 2651 950 2688 2.
982 2651 1056 2687 Hic
1087 2654 1124 2686 te
1155 2659 1201 2686 ex
1234 2649 1402 2686 tenebris
1434 2649 1576 2686 saeculi

981 2708 1141 2744 Tortore
1173 2706 1274 2742 victo
1305 2712 1343 2743 et
1374 2706 1499 2743 iudice

97 2648 134 2687 1.
166 2648 284 2686 Beate
313 2654 470 2699 martyr,
503 2660 689 2696 prospera

166 2704 277 2742 Diem
308 2706 575 2754 triumphalem
607 2712 723 2751 tuum,

167 2761 248 2806 Quo
278 2763 475 2809 sanguinis
501 2774 646 2800 merces
677 2763 748 2800 tibi

167 2817 326 2868 Corona,
359 2817 552 2866 Vincenti,
586 2820 709 2859 datur.

981 2764 1121 2801 Evexit
1152 2762 1201 2799 ad
1234 2763 1380 2799 caelum
1415 2762 1495 2799 dies

983 2820 1210 2866 Christoque
1247 2824 1423 2856 ovantem
1455 2818 1637 2856 reddidit.

1389 2882 1439 2916 3*
