1785 3111
788 115 1094 155 —114—

205 231 240 268 7.
274 231 413 268 Velans
446 235 564 277 caput
594 231 754 278 caligine
1020 234 1058 269 9.
1092 231 1252 268 Immitis
1283 231 1349 267 ille
1379 234 1556 278 tartarus,

270 287 446 325 Extinxit
476 298 624 324 omnem
655 287 885 337 lampadem,
1088 288 1151 325 Ad
1184 299 1223 324 se
1254 287 1440 324 trahentis
1473 287 1599 324 omnia

268 345 412 381 Errare
443 348 589 381 noctem
621 355 756 392 passus
790 349 847 380 est
935 389 938 392 Ι
1090 345 1351 381 Praesentiam
1383 354 1456 380 non
1490 344 1692 393 sustinens,

269 401 484 438 Meridiano
515 405 700 448 tempore.
1087 398 1354 451 Animas[que]
1375 406 1525 438 sanctas
1538 401 1722 438 reddidit.

204 515 241 552 8.
270 513 491 550 Finduntur
522 518 558 550 et
589 512 707 550 fortes
739 518 882 561 petrae,
999 514 1062 553 10.
1095 514 1259 551 Nostrae
1292 513 1364 550 fuit
1393 518 1523 561 gustus
1554 514 1635 561 spei

274 570 440 607 Hiantur
470 574 580 607 antra
611 571 788 619 plurima,
1093 570 1179 613 Hic,
1212 574 1254 607 ut-
1283 571 1416 607 fideles
1448 571 1648 608 crederent

276 625 467 664 Defuncta
499 631 655 674 surgunt
689 638 862 675 corpora,
1094 627 1142 664 Se
1172 638 1284 674 posse
1314 631 1401 674 post
1431 638 1640 675 resurgere,

275 684 386 720 Vitae
417 684 631 721 redduntur
662 685 813 722 mortui.
1098 685 1224 721 Vitam
1255 684 1406 721 beatam
1438 694 1599 723 sumere.

553 798 616 837 11.
650 798 761 834 Nunc
794 808 882 844 ergo
913 797 1056 844 pascha
1088 797 1294 835 candidum

658 855 782 892 Causa
814 854 996 891 bonorum
1028 855 1158 891 talium

652 911 828 948 Colamus
860 922 988 948 omnes
1020 915 1173 947 strenue

651 968 784 1005 Tantis
817 968 960 1005 renatis
992 966 1193 1006 fratribus,

247 1091 376 1130 Hymn.
421 1101 482 1122 ms.
522 1091 789 1123 Severinianum
827 1101 916 1122 saec.
954 1089 1006 1124 10.
1045 1102 1096 1122 ex.
1154 1091 1235 1123 Cod.
1272 1092 1433 1123 Vatican.
1471 1089 1571 1122 7172.
1608 1091 1647 1122 A.
1681 1109 1726 1114 -—

158 1135 287 1177 Hymn.
321 1147 384 1167 1115.
413 1137 682 1168 Severinianum
716 1147 805 1168 saec.
842 1135 893 1168 10.
923 1148 974 1168 ex.
1024 1137 1107 1169 Cod.
1141 1137 1292 1168 Parisin.
1322 1135 1417 1169 1092.
1443 1138 1480 1168 Β.
1508 1154 1552 1158 -
1580 1134 1607 1175 1,
1633 1134 1653 1167 2
1679 1136 1726 1168 Et

162 1182 287 1223 plaude
313 1182 383 1212 AB.
408 1199 453 1203 —
477 1179 508 1219 3,
534 1180 554 1213 3
581 1181 621 1213 111
659 1193 757 1223 prece
794 1186 912 1213 nostro
948 1183 1080 1213 semine
1109 1182 1179 1213 AB.
1205 1200 1249 1203 —
1273 1181 1303 1221 5,
1334 1180 1349 1213 1
1386 1193 1522 1214 0111110111
1547 1182 1724 1214 saeculum

157 1228 228 1259 AB.
254 1245 297 1249 —
323 1225 353 1265 5,
381 1224 401 1258 3
426 1228 523 1259 Haec
550 1232 601 1258 est
627 1229 727 1269 signa
752 1228 824 1259 AB.
850 1245 894 1248 —
919 1226 949 1266 9,
972 1227 985 1259 1
1006 1231 1174 1259 tartarum
1192 1228 1231 1258 A.
1250 1245 1294 1249 —
1315 1226 1364 1263 lO,
1390 1226 1412 1259 4
1428 1228 1569 1259 beatum
1586 1237 1725 1268 surgere

157 1273 198 1304 Β.
223 1290 266 1294 —
292 1273 359 1304 Str.
388 1270 403 1304 1
431 1273 521 1304 auch
546 1274 581 1304 in
607 1273 750 1305 Collect.
777 1284 838 1304 ms.
867 1274 901 1305 S.
928 1273 1110 1305 Michaelis
1135 1274 1363 1313 Bambergen.
1390 1284 1478 1305 saec.
1508 1270 1594 1305 10111.
1641 1273 1724 1308 Cod,

159 1319 388 1360 Bambergen.
415 1320 442 1350 B
467 1319 501 1349 II
532 1316 571 1350 10
595 1319 643 1355 (in
669 1319 818 1350 Alkuins
842 1319 991 1350 Traktat
1018 1320 1090 1360 „De
1117 1319 1220 1350 laude
1246 1317 1358 1359 Dei“).

631 1508 690 1544 9⁶2.
730 1509 811 1551 (14.)
847 1510 893 1543 In
919 1508 1247 1558 Quadi-agesima.

206 1615 243 1653 1.
274 1614 434 1662 Adesto,
469 1614 632 1662 Christe,
666 1614 859 1663 cordibus⁷
1024 1617 1063 1654 2.
1094 1615 1157 1653 Ad
1189 1618 1226 1651 te
1258 1624 1404 1663 preces,
1437 1614 1606 1661 piissime

275 1671 386 1716 Celsa
417 1672 626 1718 redemptis
659 1672 810 1715 caritas,
1095 1673 1192 1717 Iesu,
1227 1670 1302 1709 fide
1332 1670 1609 1717 profundimus,

272 1727 436 1765 Infunde
466 1728 606 1765 nostris
638 1727 809 1766 fervidos
1094 1729 1268 1775 Dimitte,
1301 1728 1463 1773 Christe,
1487 1739 1724 1776 quaesumus,

273 1784 416 1835 Fletus,
452 1796 640 1833 rogamuS‚
674 1785 844 1825 vocibus,
1094 1785 1222 1823 Factis
1256 1785 1395 1822 malum
1427 1785 1528 1831 quod
1557 1783 1727 1823 fecimus.

554 1901 591 1938 3.
625 1899 787 1936 Sanctae
819 1899 941 1936 crucis
973 1899 1166 1946 signaculo

637 1957 718 1993 Tuo
750 1960 899 1993 sacrato
932 1965 1091 2002 corpore

637 2011 814 2050 Defende
845 2024 913 2050 nos
943 2017 986 2049 ut
1015 2011 1127 2060 filios,

637 2070 776 2107 Omnes
808 2081 999 2116 rogamus,
1030 2069 1210 2117 undique.

254 2193 394 2224 Colleet.
421 2205 482 2225 ms.
511 2195 546 2226 S.
572 2193 758 2225 Michaelis
785 2194 1012 2235 Bambergen.
1038 2203 1126 2225 saec.
1148 2191 1198 2225 10.
1237 2192 1318 2224 Cod.
1338 2192 1566 2233 Bambergen.
1584 2192 1611 2222 B
1630 2191 1665 2222 II
1687 2188 1729 2223 10

157 2236 210 2277 (in
235 2238 384 2271 Alkuins
409 2239 558 2271 Traktat
585 2240 656 2280 „De
683 2239 785 2270 laude
804 2236 917 2278 Dei“).
942 2256 988 2261 —
1004 2237 1035 2277 2,
1064 2238 1079 2270 1
1100 2250 1118 2270 0
1137 2240 1305 2280 piissime.
1322 2255 1366 2258 -
1385 2235 1416 2276 2,
1442 2235 1462 2268 2
1480 2236 1728 2278 perfundimus.

358 2430 416 2466 93.
458 2430 538 2471 (15.)
575 2429 844 2473 Soliloquium
874 2428 1118 2464 venerabilis
1144 2428 1277 2463 Bedae
1304 2427 1531 2472 presbyteri

751 2511 799 2542 de
831 2511 1008 2542 Psalmo
1042 2510 1134 2541 XLI.

368 2614 509 2651 Cervus
540 2618 579 2650 ut
611 2614 659 2650 ad
694 2612 815 2649 fontes
848 2613 979 2649 sitiens
1012 2611 1168 2649 festinat
1199 2623 1393 2659 aquarum,

368 2670 431 2707 Sic
461 2681 543 2707 mea
574 2681 678 2706 mens
708 2669 819 2706 ardet
848 2674 898 2717 te,
934 2670 1107 2706 conditor
1137 2669 1247 2714 alme,
1280 2669 1477 2715 requirens

372 2727 645 2773 Viventemque
677 2727 756 2762 sitit
788 2730 825 2762 te
858 2736 1012 2762 cernere
1043 2725 1163 2762 libera
1191 2725 1326 2763 lucem.

370 2784 399 2820 Ο
431 2783 581 2830 quando
612 2783 734 2829 optati
767 2783 894 2819 veniat
924 2782 1016 2818 mihi
1047 2786 1194 2828 tempus
1225 2782 1374 2831 amoris,

317 2844 338 2878 5
370 2840 528 2885 Quando
559 2844 660 2876 tuam
693 2840 805 2876 liceat
838 2837 973 2876 faciem
1006 2838 1247 2885 speciemque
1277 2837 1403 2875 tueri?
