1785 3111
722 46 1026 88 —489-

398 223 480 273 333.
518 237 578 280 (9.)
613 236 835 281 Sequentia
859 238 906 273 de
934 237 1082 274 Sancto
1111 237 1345 273 Maximino.

206 344 241 382 1.
275 342 459 382 Columba
488 342 639 389 aspexit
659 353 729 389 per
755 343 942 380 cancellos
974 343 1176 392 fenestrae,
1210 343 1273 379 ubi
1301 348 1388 379 ante
1413 341 1551 381 faciem
1575 343 1656 381 eius

92 400 266 438 sudando
297 397 496 448 sudavitl)
528 399 737 436 balsamum
772 400 818 437 de
848 400 975 437 lucido
1005 400 1251 438 Maximinus.

205 458 243 496 2.
289 457 403 495 Calor
438 456 527 493 solis
566 456 708 493 exarsit
740 460 776 493 et
806 457 844 493 in
875 457 1042 494 tenebris
1074 456 1334 505 resplenduit,
1376 457 1479 494 unde
1510 467 1657 504 gemma

90 514 257 551 surrexit
287 513 325 550 in
356 512 622 551 aedificatione
652 513 785 560 templi
816 514 1009 560 purissimi
1042 514 1167 552 cordis
1199 513 1386 552 benevoli.

208 572 247 609 3.
292 570 372 608 Iste
415 570 532 606 turris
579 570 753 616 excelsa,
806 570 852 606 de
898 571 999 617 ligno
1045 570 1182 608 Libani
1229 574 1265 606 et
1312 580 1492 617 cypresso
1538 568 1655 619 facta,

99 627 278 674 iacyntho
309 630 346 663 et
367 627 496 664 sardio
518 630 651 664 ornata
673 630 742 674 est,
773 626 864 663 urbs
887 628 1123 673 praecellens
1145 631 1246 663 artes
1268 627 1426 663 aliorum
1453 626 1655 667 artificum.

207 685 245 723 4.
294 684 382 733 Ipse
426 683 536 720 velox
582 694 715 721 cervus
762 684 928 720 cucurrit
973 684 1021 721 ad
1069 683 1210 721 fontem
1256 683 1481 730 purissimae
1525 694 1657 731 aquae,

88 738 240 777 fluentis
273 741 320 778 de
353 739 559 777 fortissimo
591 740 733 787 lapide,
766 740 829 786 qui
862 740 988 777 dulcia
1018 745 1188 778 aromata
1218 740 1404 787 irrigavit.

203 799 239 837 5.
288 798 317 836 Ο
349 797 612 845 pigmentarii,
659 796 722 843 qui
763 796 853 833 estis
895 797 933 833 in
975 798 1197 834 suavissima
1228 797 1423 833 viriditate
1454 796 1652 834 hortorum

90 853 190 901 regis
231 854 479 892 ascendentes
519 854 558 890 in
588 854 719 900 altum,
753 853 905 901 quando
936 858 1107 891 sanctum
1141 853 1368 891 sacrificium
1399 854 1438 890 in
1469 853 1654 891 arietibus

85 909 320 958 perfecistis,

206 969 242 1007 6.
289 968 396 1005 Inter
434 978 500 1004 vos
533 965 651 1013 fulget
684 966 745 1004 hic
776 965 937 1017 artifex,
978 967 1105 1014 paries
1137 967 1284 1015 templi,
1324 967 1387 1013 qui
1421 967 1656 1004 desideravit

85 1023 166 1061 alas
206 1024 356 1070 aquilae
395 1023 601 1061 osculando
642 1024 827 1060 nutricem
870 1024 1094 1070 sapientiam
1140 1025 1178 1061 in
1220 1024 1385 1071 gloriosa
1416 1022 1652 1061 fecunditate

85 1080 281 1120 ecclesiae.

203 1138 238 1177 7.
281 1138 311 1175 Ο
341 1136 564 1184 Maximine,
596 1147 702 1173 mons
734 1141 771 1173 et
802 1137 913 1174 vallis
945 1147 984 1174 es
1016 1141 1053 1174 et
1083 1137 1120 1175 in
1153 1142 1313 1184 utroque
1333 1138 1411 1175 alta
1432 1136 1650 1174 aedificatio

85 1204 268 1245 appares,
321 1193 387 1231 ubi
439 1193 684 1240 capricornus
736 1205 818 1230 cum
872 1194 1073 1241 elephante
1123 1195 1240 1232 exivit
1294 1199 1327 1230 et
1374 1194 1561 1242 sapientia
1616 1194 1655 1230 in

88 1250 236 1288 deliciis
267 1249 351 1289 fuit.

200 1310 236 1347 8.
285 1308 342 1344 Tu
373 1317 413 1344 es
445 1305 554 1344 fortis
585 1312 621 1344 et
653 1308 779 1344 suavis
810 1307 849 1344 in
881 1308 1127 1345 caeremoniis
1160 1314 1195 1345 et
1228 1308 1487 1345 coruscatione
1510 1307 1642 1344 altaris

86 1365 298 1402 ascendens
328 1368 370 1400 ut
400 1362 524 1400 fumus
555 1368 766 1402 aromatum
797 1364 846 1401 ad
880 1365 1089 1401 columnam
1121 1366 1258 1404 laudis,

199 1423 236 1460 9.
283 1421 360 1460 Ubi
402 1420 617 1458 intercedis
658 1432 728 1468 pro
759 1421 922 1469 populo,
964 1421 1026 1468 qui
1067 1423 1190 1459 tendit
1227 1422 1276 1459 ad
1315 1421 1509 1468 speculum
1539 1420 1648 1467 lucis,

85 1477 145 1515 cui
176 1479 258 1515 laus
290 1482 346 1515 est
376 1478 415 1514 in
445 1477 546 1515 altis.

520 1667 603 1702 333.
641 1667 722 1709 (10.)
759 1668 817 1702 De
843 1667 992 1703 Sancto
1020 1668 1217 1712 Ruperto.

201 1784 238 1824 1.
286 1785 316 1822 Ο
347 1785 567 1829 Ierusalem,
600 1794 715 1821 aurea
748 1784 894 1833 civitas,
927 1792 1061 1822 ornata
1092 1786 1189 1832 regis
1221 1796 1402 1831 purpura,

201 1843 238 1879 2.
285 1842 314 1879 Ο
365 1840 581 1878 aedificatio
635 1852 802 1878 summae
852 1842 1053 1890 bonitatis,
1104 1852 1198 1889 quae
1249 1852 1287 1878 es
1337 1842 1402 1879 lux
1453 1853 1645 1889 nunquam

81 1896 301 1936 obfuscata!

201 1956 241 1993 3.
287 1955 344 1992 Tu
375 1954 473 1991 enim
505 1965 544 1991 es
576 1959 710 1992 ornata
740 1955 779 1992 in
810 1966 948 1993 aurora
979 1960 1016 1992 et
1046 1956 1084 1992 in
1117 1956 1243 1993 calore
1274 1956 1377 1993 solis.

198 2013 239 2049 4.
286 2011 316 2049 Ο
357 2011 470 2048 beata
510 2011 695 2060 pueritia,
737 2023 833 2059 quae
874 2013 1008 2049 rutilas
1049 2013 1087 2049 in
1120 2022 1278 2061 aurora,
1322 2016 1359 2048 et.
1390 2024 1411 2049 o
1442 2012 1649 2050 laudabilis

85 2067 356 2119 adulescentia,
391 2078 486 2116 quae
516 2069 628 2106 ardes
660 2069 698 2105 in
728 2069 829 2107 sole!

196 2127 232 2164 5.
280 2124 378 2162 Nam
419 2128 480 2175 tu,
524 2136 545 2162 o
585 2125 723 2162 nobilis
763 2126 952 2173 Ruperte⁷
991 2126 1030 2162 in
1071 2125 1128 2162 his
1169 2126 1266 2162 sicut
1306 2135 1451 2172 gemma
1490 2124 1645 2172 fulsisti,

80 2181 181 2218 unde
220 2192 295 2219 non
334 2185 443 2229 potes
482 2181 665 2220 abscondi
707 2183 834 2219 stultis
874 2182 1109 2230 hominibus,
1157 2182 1253 2219 sicut
1294 2193 1363 2219 nec
1403 2193 1510 2219 mons
1556 2181 1647 2219 valli

81 2237 240 2277 celatur.

196 2297 234 2333 6.
279 2294 488 2331 Fenestrae
513 2298 613 2342 tuae,
645 2295 865 2344 Ierusalem,
899 2306 981 2332 cum
1002 2296 1152 2342 topazio
1178 2300 1214 2332 et
1236 2296 1402 2343 saphyro
1424 2295 1645 2342 specialiter

82 2354 170 2388 sunt
201 2351 415 2389 decoratae.

198 2409 235 2447 7.
285 2408 330 2445 In
361 2406 496 2454 quibus
529 2407 615 2444 dum
649 2406 782 2458 fulges,
817 2419 837 2445 o
860 2409 1040 2458 Ruperte,
1074 2420 1147 2446 non
1170 2413 1278 2455 potes
1299 2409 1483 2447 abscondi
1505 2408 1647 2455 tepidis

82 2463 263 2509 moribus,
305 2464 403 2501 sicut
432 2474 502 2501 nec
533 2475 638 2501 mons
670 2465 783 2511 valli,
826 2468 1027 2502 coronatus
1056 2466 1177 2512 rosis,
1220 2466 1311 2502 liliis
1344 2471 1381 2503 et
1411 2477 1581 2513 purpura
1610 2465 1649 2501 in

83 2529 174 2557 vera
204 2521 430 2558 ostensione.

196 2579 233 2616 8.
280 2578 310 2616 Ο
350 2582 459 2614 tener
499 2576 567 2615 flos
605 2578 728 2624 campi
761 2581 798 2614 et
828 2588 849 2614 o
883 2577 1003 2615 dulcis
1035 2579 1210 2616 viriditas
1241 2580 1344 2626 pomi
1376 2583 1412 2616 et
1443 2590 1465 2616 o
1496 2578 1648 2616 sarcina

84 2632 165 2670 sine
195 2634 374 2685 medulla,
408 2644 503 2681 quae
529 2645 603 2672 non
634 2633 752 2671 flectit
787 2639 942 2681 pectora
972 2635 1011 2672 in
1044 2636 1222 2674 crimina!

182 2776 207 2817 l)
231 2779 341 2812 sudan
365 2780 429 2812 Hs.
