1785 3111
59 333 96 370 1.

685 70 850 104 —OO

441 223 500 258 59.
538 222 596 265 (6.)
632 223 808 266 Hymnus
835 221 966 257 sancti
992 220 1208 256 Ambrosii.

130 329 244 366 Caelo
275 327 404 365 ferunt
433 328 676 365 Ambrosium

126 385 286 431 Nomen,
318 386 439 422 honor
470 385 529 422 vel
560 384 683 432 acti03

126 442 192 479 Nil
225 442 339 479 debet
369 442 430 478 hic
463 440 675 487 facundiae,

128 499 205 536 Dos
237 499 357 536 omnis
389 503 446 535 est
476 510 498 535 a
529 498 708 536 moribus.

881 331 894 347 r

878 343 914 367 0.

947 328 1006 364 De
1038 326 1146 364 fauce
1177 326 1364 373 serpentis
1397 324 1483 364 feri.

947 384 1018 429 Qui
1048 383 1150 420 bella
1181 383 1325 423 Christi
1356 382 1508 427 militat,

948 441 1082 477 Nudus
1111 441 1265 477 timetur
1297 439 1460 487 ensibus,

948 498 1055 534 Vivit
1085 498 1255 544 sepultus
1287 502 1323 533 et
1353 496 1459 534 iuvat

56 605 92 640 2.
126 601 253 638 Fortis
294 601 485 638 iuvantem
522 613 594 638 non
627 601 729 648 cupit
878 602 915 639 6.
950 600 1105 638 Clavum
1138 605 1269 636 tenens
1302 599 1499 636 ecclesiae.

126 658 299 698 Umbone
330 659 495 695 munitus
527 669 604 707 suo,
944 657 1090 694 Iustina
1120 657 1223 693 virus
1255 656 1439 702 perdidit,

122 716 164 752 In
198 726 310 752 carne
341 716 394 751 nil
426 715 551 752 carnis
582 715 673 764 agit,
944 714 1019 751 Dat
1050 724 1172 760 poena
1202 714 1281 749 nati
1311 712 1531 759 praemium.

125 772 270 820 Regina
301 782 404 808 mens
435 772 473 808 in
506 782 665 818 corpore
945 770 1054 808 Sedis
1086 776 1273 806 memento
1305 770 1370 806 lux
1403 773 1503 815 tuae,

54 876 91 914 3.
125 872 322 922 Confregit
352 884 461 911 omne
491 873 690 910 lubricum.
876 875 911 912 7.
945 873 1112 919 Exorna,
1145 877 1288 918 sancte,
1321 877 1494 918 posteros

125 931 188 968 Sic
218 931 314 968 vixit
343 931 409 967 ille
439 941 513 967 non
544 930 630 978 sibi,
942 933 1109 968 Auctore
1138 928 1254 966 fultos
1286 928 1416 976 nobili,

123 988 198 1026 Sed
230 992 330 1024 totus
361 988 507 1024 auctori
539 987 639 1035 De03
944 987 1001 1024 Ne
1034 987 1108 1023 dux
1143 986 1267 1023 sereni
1300 984 1473 1022 culminis

124 1045 310 1082 Adiectus
341 1044 428 1081 hinc
459 1044 641 1090 apostolis
942 1045 985 1081 In
1017 1043 1116 1080 nube
1145 1047 1267 1079 tectus
1300 1042 1468 1080 horreat.

51 1150 89 1187 4.
122 1147 292 1184 Reduxit
323 1147 520 1194 expulsam
551 1146 677 1196 fidem,
873 1149 909 1185 S.
941 1148 1011 1194 Qui
1042 1152 1174 1193 pastor
1205 1151 1260 1182 est
1293 1144 1518 1188 antistitum,

121 1204 229 1242 Dixit
260 1204 473 1251 triumphos
505 1209 712 1250 martyrum
940 1204 1047 1251 Quod
1080 1202 1214 1247 fuscat,
1255 1212 1364 1239 omne
1396 1200 1604 1246 submovet,

122 1261 292 1308 Linguae
323 1261 483 1298 virentis
514 1261 664 1298 laureis.
943 1261 1104 1307 Gregem
1136 1260 1320 1307 gubernat
1353 1258 1580 1305 principum,

121 1318 195 1354 Hic
226 1328 291 1355 ore
323 1319 503 1365 praedam
537 1318 690 1355 sustulit
941 1318 1128 1364 Magister
1161 1320 1218 1353 est
1251 1316 1479 1353 docentium.

128 1416 160 1457 1,
196 1417 212 1449 1
239 1419 345 1450 Caelo
376 1422 503 1460 perunt
537 1419 622 1450 haec
647 1418 872 1450 Ambrosium
897 1419 936 1449 Β.
966 1436 1002 1438 -
1038 1416 1075 1456 2,
1113 1415 1127 1448 1
1163 1418 1342 1449 iubantem
1368 1418 1476 1450 15—
1508 1413 1546 1453 2,
1582 1412 1603 1445 3

33 1465 147 1495 earnis
174 1465 246 1507 egit
270 1466 309 1497 B.
336 1482 381 1485 ——
404 1463 436 1502 4,
463 1462 484 1495 2
509 1464 706 1506 triumphus
733 1465 771 1496 Β.
794 1482 838 1485 -
862 1462 893 1503 5,
916 1462 936 1495 3
962 1464 1078 1495 Huius
1104 1464 1246 1494 timetur
1271 1463 1309 1493 B.
1330 1479 1375 1483 -—
1399 1461 1430 1499 5,
1455 1459 1478 1491 4
1495 1462 1604 1493 Uiuet

32 1509 71 1540 B.
104 1527 149 1530 —
182 1509 219 1549 7,
253 1507 273 1541 ⁸2
298 1511 429 1542 Autore
465 1510 571 1541 fultus
606 1511 643 1542 B.
677 1528 721 1531 ——
754 1507 792 1550 8,
830 1508 845 1541 1
881 1511 1084 1541 antestitum
1117 1510 1156 1539 Β.
1182 1525 1226 1528 —
1259 1506 1295 1546 S,
1331 1506 1351 1539 2
1377 1508 1471 1538 fucat
1496 1508 1535 1538 B.
1562 1523 1605 1527 ⁴-

36 1556 217 1597 „Hymnus
244 1557 355 1587 sancti
381 1556 554 1594 Ambrosi,
580 1555 694 1587 dictus
721 1566 741 1587 a
766 1556 892 1587 domno
918 1551 1099 1586 Ennodi0‘''
1129 1556 1165 1586 Β.

52 1811 88 1848 1.

48 2356 69 2392 02

358 1704 418 1738 60.
455 1703 513 1745 (7.)
549 1703 724 1746 Hymnus
750 1703 798 1737 de
823 1702 1066 1737 Ascensione
1092 1700 1269 1735 Domini.

120 1810 198 1846 Iam
231 1810 404 1847 Christus
435 1810 605 1846 ascendit
638 1809 780 1858 polum,

118 1867 280 1903 Necavit
309 1871 397 1904 ante
429 1865 574 1911 funera,

118 1923 252 1960 Letum
285 1923 454 1970 sepultus
487 1923 644 1969 expulit,

116 1981 222 2017 Mors
254 1980 386 2017 mortis
418 1981 582 2026 impulsu
614 1980 702 2017 ruit.

117 2082 275 2120 Cantate
306 2083 460 2130 factum,
493 2082 656 2129 saecula,

115 2139 244 2176 Funus
275 2139 426 2186 subegit
456 2145 654 2183 tartarum,

118 2196 216 2233 Vicit
248 2203 467 2243 peremptus
500 2197 664 2245 exitum3

115 2253 222 2290 Mors
254 2253 343 2289 inde
375 2253 477 2300 luget
505 2253 664 2300 pallida,

76 2384 84 2392 .
120 2354 377 2401 Praesumpsit
407 2355 507 2392 unde
538 2355 730 2401 gaudium.

111 2411 220 2448 Escis
253 2416 406 2448 vorator
438 2418 570 2458 captus
603 2416 671 2459 est,

113 2469 184 2505 Est
213 2468 359 2516 praeda
391 2473 523 2514 raptor
553 2469 733 2507 omnium.

113 2526 192 2562 Iam
224 2530 307 2561 rete
339 2526 503 2562 vinctum
537 2526 699 2573 ducitur,

74 2658 81 2665 .
115 2629 217 2665 Iacet
248 2632 381 2665 catena
412 2628 451 2664 in
482 2628 652 2674 nexibus,

111 2683 276 2730 Serpens
299 2695 443 2722 venena
473 2685 643 2733 pertulit,

110 2741 217 2778 Mitis
247 2743 337 2778 terit
366 2742 596 2793 superbiam,

111 2799 241 2844 Agnus
272 2799 417 2836 leonem
448 2799 647 2836 eviscerat.

91 2866 138 2892 Dr
147 2875 163 2893 e
172 2875 191 2892 v
200 2875 216 2893 e
225 2875 239 2893 s
249 2889 255 2900 ,
280 2867 487 2894 Lateinische
508 2867 799 2901 Hymnendichter.
830 2868 886 2896 IX.

869 1812 904 1848 5.
940 1808 1029 1845 Plus
1060 1807 1164 1844 istud
1196 1812 1252 1843 est
1283 1805 1489 1853 potentiae,

938 1866 1045 1910 Quod
1067 1868 1209 1912 nostra,
1243 1863 1405 1905 Christe,
1436 1860 1597 1909 suscipis

938 1923 988 1959 Et
1022 1928 1125 1960 veste
1157 1921 1257 1957 servi
1289 1919 1538 1959 absconditus

938 1979 1016 2016 Nos
1061 1979 1109 2016 ad
1141 1977 1374 2024 triumphum
1409 1975 1597 2023 provehis,

938 2083 1056 2129 Quam
1086 2082 1118 2117 si
1150 2080 1316 2117 coruscis
1348 2078 1501 2115 sedibus

937 2140 1102 2186 Fulgore
1132 2143 1297 2174 terreres
1329 2147 1426 2174 reos„

939 2197 1040 2233 Deus
1071 2199 1176 2241 patet
1208 2204 1276 2241 per
1307 2193 1443 2239 omnia,

937 2253 1051 2290 Nullo
1083 2256 1248 2289 remotus
1280 2252 1456 2297 tegmine,

937 2354 1025 2400 Sed,
1058 2360 1098 2391 ut
1128 2354 1296 2390 iacentes
1328 2352 1460 2399 erigat,

934 2412 1121 2458 Dignatus
1153 2421 1247 2457 esse,
1280 2411 1379 2456 quod
1410 2419 1548 2457 sumus,

933 2469 1109 2507 Redemit
1141 2469 1222 2514 ipse
1253 2467 1311 2503 ius
1343 2476 1462 2514 suum,

934 2526 1049 2563 Ovem
1083 2524 1238 2562 reduxit
1269 2523 1458 2570 perditam

860 2631 898 2667 8.
931 2629 1100 2666 Pastoris
1132 2628 1180 2665 ad
1213 2626 1437 2664 custodiam.

928 2686 1071 2724 Levate
1103 2689 1246 2733 portas,
1280 2684 1416 2732 angeli,

930 2744 1052 2780 Intret
1082 2741 1302 2779 tremendus
1330 2739 1486 2787 arbiter,

928 2800 1054 2838 Maior
1083 2797 1250 2845 tropaeis
1282 2796 1459 2833 hostium.

1372 2865 1392 2898 5
