1785 3111
652 130 707 135 -
766 107 844 148 261
907 130 962 135 -

120 221 219 254 Ν3011
244 221 312 254 Str.
340 220 356 252 1
383 220 519 253 schiebt
543 220 570 252 C
594 221 667 252 ein:

435 312 620 353 Virginum
644 312 743 353 virgo
769 312 902 343 meritis
927 312 1041 343 Maria

435 357 548 398 Atque
573 367 650 388 cum
676 357 791 388 choris
816 357 967 388 Michael
995 358 1141 389 novenis

435 402 546 443 Digni
571 412 648 433 cun]
674 402 790 444 dignis
817 403 978 444 precibus
1002 402 1170 434 Iohannis
1194 401 1384 444 (Iohannes
1410 402 1489 442 Hs.)

570 448 670 479 Ferte
697 449 870 479 iuvamen.

26 540 82 571 Da
105 539 200 571 diese
227 538 294 570 Str.
320 539 357 569 in
381 538 447 570 den
475 538 525 570 st.
551 538 671 571 Galler
695 539 843 577 Quellen
868 539 955 570 fehlt
978 539 1049 570 und
1073 539 1130 571 die
1152 539 1264 571 Chore
1288 540 1349 572 der
1364 541 1478 582 Engel
1504 541 1592 572 auch

26 583 59 623 2,
95 582 111 615 1
145 583 389 622 vorkommen,
423 584 535 616 diirfte
568 584 722 616 dieselbe
755 585 891 625 spiitere
923 585 1025 616 Zutat
1050 586 1134 616 sein.
1167 605 1207 608 —
1247 583 1285 624 2,
1319 583 1339 617 2
1372 590 1405 617 et
1436 586 1522 618 fehlt
1555 587 1591 618 C.

30 647 75 652 —
98 627 130 668 3,
155 627 176 661 2
202 629 353 672 palmam
379 630 416 661 C.
442 648 486 652 —-
511 627 542 667 3,
569 626 590 661 3
615 631 785 671 susceptis
811 630 846 662 C.
873 648 918 651 —
943 628 972 668 7,
1001 629 1014 661 1
1046 631 1211 662 miserere
1228 631 1265 662 C.
1289 647 1335 652 —
1358 629 1388 669 8,
1416 629 1592 673 310111011-

28 675 112 707 dens
142 676 182 707 A.
215 692 258 698 —-
293 673 350 714 11,
383 672 404 706 2
438 685 504 716 que
534 675 621 706 fehlt
653 677 690 707 B.
717 692 761 696 —
791 676 833 706 In
858 673 883 707 C
908 675 969 707 der
1000 675 1207 707 Rundreim:
1240 676 1396 714 Exaudi.
1432 678 1593 715 Domine,

27 721 164 753 miseris
196 721 359 752 miserere
392 720 548 760 famulis3
586 721 666 752 lies:
704 721 844 752 famulis
877 721 1066 752 miserere?
1106 739 1142 742 —
1179 722 1388 757 „Dominica
1425 726 1506 764 post
1538 734 1591 755 as-

27 767 226 798 censionem
250 766 394 798 Domini
420 766 464 797 ad
495 768 760 807 processionem.
811 766 858 797 Ut
891 763 972 797 Vita,
998 767 1205 797 sanctorum
1231 765 1399 799 canitur.“
1427 769 1464 799 Β.

198 957 280 993 197.
318 956 398 999 (10.)
433 956 479 990 111
504 955 767 1000 Susceptione
792 955 1071 1000 Reliquiarum
1097 956 1237 993 Sancti
1264 958 1413 1000 Magni.

189 1071 265 1111 R0.
299 1071 478 1110 Carmina
507 1083 606 1109 nunc
640 1070 747 1109 festis
778 1072 985 1121 psallamus
1018 1073 1091 1110 rite
1123 1073 1284 1124 choreis,

356 1129 478 1167 Obvia
502 1129 689 1167 laetantes
717 1135 874 1177 pectora
905 1130 968 1177 qui
1000 1128 1169 1170 ferimus,

228 1244 264 1282 1.
297 1243 426 1281 Aurea
455 1243 530 1280 iam
562 1247 740 1280 resonent
769 1242 957 1280 redimitis
990 1244 1159 1281 carmina
1189 1244 1350 1293 bombis,

351 1300 455 1346 Quae
485 1300 602 1337 variis
633 1300 781 1337 mixtim
812 1300 968 1338 vocibus
998 1312 1092 1338 aura
1124 1300 1236 1339 ferat.

293 1356 359 1393 Nil
389 1357 446 1394 sic
474 1357 717 1404 perspicuum
749 1357 890 1404 poterit
922 1369 993 1395 vox
1025 1358 1130 1395 clara
1160 1356 1318 1405 referre,

352 1413 405 1451 Ut
437 1413 547 1451 decet
574 1413 612 1450 in
644 1413 712 1450 tali
743 1425 841 1451 nunc
871 1414 993 1461 patris
1026 1415 1221 1462 obsequio.

227 1529 265 1567 2.
299 1526 363 1565 Sic
393 1526 530 1564 devota
560 1530 685 1564 tamen
717 1528 928 1575 pandamus
959 1539 1026 1566 ora
1058 1533 1236 1566 canentes

351 1585 511 1622 Pectore
543 1583 590 1621 de
620 1595 717 1632 puro
748 1584 815 1621 hos
847 1583 1049 1622 referendo
1080 1596 1213 1622 sonos:
1346 1632 1349 1635 Ὗ

294 1642 399 1679 Istuc
429 1641 505 1677 iam
535 1651 761 1691 properam,
793 1641 947 1679 Domini
978 1642 1130 1689 dilecte,
1163 1643 1391 1690 propinqua,

349 1698 430 1745 Quo
460 1697 531 1735 tibi
563 1698 750 1745 condigna
781 1699 952 1746 corporis
982 1700 1070 1736 aula
1100 1699 1208 1737 nitet.

225 1812 264 1851 3.
296 1810 371 1849 Hic
399 1810 470 1848 tibi
500 1811 696 1859 perpetuis
727 1816 907 1850 resonant
938 1812 1181 1849 concentibus
1212 1812 1342 1862 aedes,

349 1867 508 1906 Ossibus
540 1873 578 1904 et
607 1868 726 1905 sacris
757 1879 908 1917 semper
938 1869 1099 1907 habetur
1130 1869 1261 1917 honos,

292 1924 392 1962 Dum
423 1925 513 1962 laeti
545 1923 677 1962 famuli
708 1925 902 1964 celebrant
933 1926 994 1963 hic
1022 1925 1121 1963 festa
1157 1925 1311 1974 benigni

348 1981 546 2019 Laudibus
576 1982 762 2019 instantes
793 1988 904 2020 nocte
934 1983 1069 2030 dieque
1099 1983 1187 2021 tuis.

224 2098 263 2136 4.
296 2095 437 2133 Laetus
467 2095 515 2133 ob
542 2095 614 2132 hoc
643 2099 793 2133 nostros
824 2095 1065 2144 blandusque
1094 2097 1249 2134 invisito
1280 2095 1375 2134 fines

348 2153 476 2199 Atque
503 2151 589 2200 pius
620 2153 741 2190 servis
772 2153 957 2190 auxiliare
987 2154 1084 2199 tuis3

290 2209 371 2246 Iam
403 2219 502 2246 nunc
533 2209 700 2247 servitiis
730 2208 913 2247 famulum
945 2220 1148 2247 consuesce
1181 2213 1330 2247 tuorum

353 2267 519 2313 Prosper
549 2270 587 2302 et
616 2266 690 2303 huc
720 2267 866 2304 vultum
896 2266 1017 2316 flecte,
1051 2277 1194 2316 serene,
1228 2270 1346 2307 tuum.

224 2381 263 2419 5.
293 2379 427 2426 Dirige
459 2379 577 2417 corda
606 2380 692 2427 pius
723 2385 760 2416 et
790 2384 963 2427 tempora
994 2380 1117 2428 dirige
1148 2385 1279 2418 nostra

346 2437 475 2483 Atque
505 2435 586 2473 dies
616 2437 735 2473 laetos
768 2437 906 2474 ducere
938 2437 986 2474 da
1017 2435 1191 2485 famulos,

291 2493 344 2532 Ut
374 2502 526 2540 semper
555 2493 707 2530 valeant
738 2493 887 2530 tibimet
919 2498 1073 2531 cantare
1104 2494 1234 2544 quieti,

346 2549 402 2587 Te
432 2560 580 2597 quoque
611 2550 764 2587 caelesti
795 2561 952 2587 cernere
981 2551 1066 2587 luce
1095 2551 1186 2598 poli.

222 2664 260 2700 6.
294 2663 473 2700 Sternere
503 2663 741 2711 supplicibus
770 2663 897 2700 ishaec
927 2664 1038 2701 modo
1070 2664 1197 2712 patria
1227 2665 1328 2702 votis

345 2719 398 2757 Et
427 2729 611 2757 venerans
642 2720 739 2757 tanti
768 2721 919 2768 suscipe
949 2721 1118 2759 membra
1148 2721 1231 2768 viri,

290 2776 400 2824 lpsas
430 2777 629 2824 omnigeno
660 2777 843 2814 decorans
875 2787 956 2813 cum
987 2776 1080 2815 flore
1110 2778 1271 2825 plateas,

346 2832 507 2870 Lumine
537 2833 779 2881 perpulchris
809 2833 920 2872 obvia
950 2834 1203 2882 lampadibus.
