1785 3111
722 77 1034 118 —135—

354 211 364 221 .
411 183 524 221 Caste
553 186 690 234 pieque
720 189 890 230 vivamus
920 205 965 231 ac
995 196 1121 234 sobrie

411 241 492 279 Soli
522 245 720 283 tremendo
751 249 960 287 servientes
992 252 1166 304 Domino,

408 296 468 334 De
502 300 619 337 corde
649 313 745 349 puro
777 306 943 353 totisque
974 313 1210 355 praecordiis

406 354 560 393 Laudes
592 355 759 397 feramus
790 363 974 402 trinitatis
1004 368 1151 414 unicae,

406 410 510 457 Quae
541 424 609 451 nos
640 417 802 455 redemit
833 422 1001 466 pretioso
1032 426 1226 472 sanguine.

348 551 359 563 .
404 525 440 562 A
471 528 646 573 paradisi
676 530 918 570 laetabundis
949 536 1098 581 gaudiis

403 581 482 619 Nos
514 585 633 622 traxit
664 587 752 624 olim
785 589 953 627 ciborum
986 594 1189 638 cupiditas,

402 638 538 677 Portas
570 642 743 688 polorum
777 645 940 684 dulcedo
971 649 1169 695 gluttifera

402 695 601 735 Clauserat
632 700 710 737 alta
743 702 988 748 dispensante
1018 708 1154 757 gratia,

400 752 504 799 Quae
534 766 602 792 nos
633 757 785 794 reduxit
817 760 866 796 ad
900 762 1089 800 caelorum
1119 765 1263 808 limina

342 893 352 905 .
399 865 479 903 Nos
510 868 612 907 laeta
640 872 760 909 traxit
791 883 878 910 caro
911 874 959 911 de
989 878 1185 926 paradiso

395 923 505 961 Misit
537 925 576 962 in
608 926 717 965 huius
749 931 890 967 saeculi
922 933 1118 979 exsilium3

394 979 439 1016 In
470 980 714 1021 lacrimarum
747 987 848 1024 valle
880 988 1151 1039 delitescimus,

394 1035 501 1074 Diris
532 1039 640 1087 ligati
670 1049 914 1089 peccatorum
946 1046 1134 1099 vinculis·

391 1092 552 1133 Afflicta
581 1099 694 1136 modo
728 1101 886 1138 reducat
917 1103 966 1139 ad
998 1104 1136 1143 sidera.

335 1237 344 1246 .
393 1208 625 1247 Ieiuniorum
657 1217 744 1249 sunt
775 1220 925 1253 saciata
956 1221 1141 1267 tempora,

389 1265 435 1302 In
463 1266 598 1312 quibus
630 1269 749 1307 hostis
782 1271 920 1309 bellum
952 1280 1077 1312 movet
1106 1277 1281 1330 invidus3

389 1321 451 1359 Ne
481 1325 695 1363 sanctitatis
728 1329 966 1367 cumulentur
995 1333 1144 1381 merita,

388 1378 656 1419 Tentationum
687 1384 810 1431 infigit
840 1388 1004 1431 aculeos

388 1435 488 1481 Quos
519 1439 601 1476 sola
632 1441 741 1478 sedat
773 1443 977 1489 singularis
1006 1445 1169 1487 bonitas.

329 1577 339 1587 .
385 1549 517 1588 Ieiuna
548 1552 665 1589 vincit
697 1555 874 1593 vitiorum
903 1558 1009 1596 milia

384 1606 527 1645 Divina
555 1619 643 1646 caro
675 1611 908 1659 suffragante
938 1617 1073 1667 gratia,

383 1663 545 1702 Resistit
574 1666 666 1711 irae,
699 1668 855 1707 abdicat
885 1647 1096 1720 libidinem,

383 1719 461 1758 Dat
493 1723 660 1760 castitati
693 1726 927 1773 triumphale
958 1732 1180 1783 praemium,

384 1777 509 1825 Cingit
540 1790 679 1818 corona
708 1783 932 1830 virginalem
966 1788 1159 1829 verticem.

325 1919 334 1928 .
380 1891 547 1943 Moyses,
582 1894 725 1932 electus
756 1897 910 1935 Domini
942 1901 1165 1951 tirunculus

379 1947 524 1986 Montis
555 1951 624 1987 sub
656 1958 766 1990 antro
799 1956 1053 2004 quadraginta
1087 1961 1232 1999 dierum

376 2005 608 2044 Ieiuniorum
642 2012 880 2049 consecravit
912 2012 1040 2059 ferias,

377 2061 430 2100 Ut
461 2064 584 2109 possit
614 2066 714 2103 almo
745 2068 866 2116 legem
899 2071 1081 2117 scriptam
1115 2073 1234 2121 digito

381 2117 523 2157 Sancta
554 2121 622 2158 sub
654 2134 747 2161 aura
778 2126 917 2163 leniter
946 2130 1151 2176 suscipere.

318 2262 327 2271 .
375 2232 568 2279 Propheta
596 2241 749 2274 sanctus
781 2239 913 2277 Helias
945 2241 1128 2280 abstinuit

374 2288 611 2328 Continuatis
641 2294 874 2342 totidemque
905 2298 1050 2344 diebus,

373 2345 486 2384 Ionas
519 2348 660 2386 dicavit
691 2351 860 2389 triduani
892 2358 1074 2402 temporis

374 2401 631 2442 Ninivitarum
662 2408 812 2445 celebre
844 2410 1037 2461 ieiunium

371 2458 542 2498 Detersit
572 2473 682 2500 omne
713 2466 882 2504 criminis
913 2469 1116 2514 piaculum.

313 2600 322 2610 .
367 2571 471 2610 Fons
502 2575 670 2626 pietatis
702 2578 851 2617 infinita
881 2580 1042 2630 bonitas,

368 2628 553 2678 Suscepta
584 2643 697 2670 carne
728 2636 979 2685 quadraginta
1012 2641 1144 2678 diebus

367 2686 473 2724 Iesus
505 2689 725 2736 redemptor
755 2704 820 2729 ore
850 2695 954 2731 nullo
984 2699 1142 2744 pertulit

366 2742 502 2780 Potum
535 2746 745 2797 cibumque,
780 2752 945 2788 stcravit
975 2753 1153 2791 ieiunium

365 2799 399 2837 A
430 2801 596 2848 spiritali
627 2802 726 2841 fame
758 2817 826 2842 nos
858 2809 1022 2855 eripiens
