1785 3111
338 189 406 229 12.

338 529 404 569 13.

339 870 408 908 14.

341 1552 407 1590 16.

344 1892 409 1930 17.

348 2231 413 2269 18.

352 2571 415 2609 19.

757 74 1067 114 —138—

451 188 634 238 Angelus,
668 198 766 233 ecce,
798 187 952 225 Domini
983 187 1245 236 praefulgidus

452 245 597 284 Sedens
626 245 664 281 in
696 244 793 281 albis
824 245 996 281 revoluto
1026 245 1156 291 lapide

450 302 544 340 Illas
576 299 715 338 refovit
744 300 885 342 talibus
913 301 1110 348 alloquiis:

449 358 548 405 Quid
579 369 645 395 vos
676 359 715 395 in
746 358 866 394 antris
895 358 1083 394 viventem
1115 369 1196 395 cum
1228 359 1386 396 mortuis

450 413 672 463 Quaeritis?
703 415 786 461 ipse
817 416 996 462 surrexit,
1028 418 1069 452 ut
1101 415 1260 452 dixerat.

451 528 525 574 En,
558 538 645 564 ecce
676 528 793 573 locus,
823 527 888 564 ubi
922 526 994 564 fuit
1024 527 1172 576 positus

450 585 654 630 Dominus;
686 585 751 626 ite,
786 585 901 621 dicite
934 584 1154 631 discipulis:

454 641 640 688 Surrexit,
673 645 798 678 autem
832 640 1033 678 Gallilaem
1065 641 1188 687 petiit,

451 699 651 736 Destruxit
682 709 779 745 eum,
813 698 877 744 qui
907 699 1040 734 mortis
1071 697 1271 744 imperium

450 755 630 793 Habebat
661 760 761 800 ante,
794 755 891 791 sicut
921 755 1004 802 ipse
1036 754 1200 792 dixerat.

456 868 567 906 Ibant
598 869 715 905 alacri
747 872 903 916 pectore
935 866 1111 915 feliciter,

452 926 628 964 Occurrit
658 925 734 961 illis
767 926 885 970 Iesus,
919 925 1049 961 mundi
1081 924 1214 973 gloria,

450 982 572 1027 Mitis,
606 982 732 1019 suavis
765 993 809 1019 ac
841 981 1122 1028 desiderabilis,

451 1041 570 1078 Totus
598 1037 799 1085 benignus,
833 1039 943 1075 dulce
976 1037 1218 1087 desiderium,

453 1096 564 1133 Salus
595 1096 775 1142 perennis
806 1100 1046 1132 aeternorum
1078 1094 1228 1135 civium,

396 1241 405 1250 .
453 1209 548 1258 Spes
580 1219 741 1255 namque
771 1209 903 1245 mundi
934 1208 1112 1245 salutaris
1144 1207 1266 1254 unica,

451 1266 566 1315 Fons,
601 1266 691 1312 vita,
724 1266 844 1302 virtus
876 1265 1109 1311 sempiterna
1139 1265 1293 1310 veritas7

452 1324 581 1374 Pietas
612 1323 765 1367 ardens,
799 1323 919 1359 omnis
952 1322 1172 1368 consolatio,

452 1380 569 1417 Vultu
597 1390 730 1416 sereno
761 1380 853 1417 solis
883 1390 998 1426 super
1026 1379 1135 1415 radio

452 1437 582 1475 Dixit:
616 1438 752 1481 Avete‚
784 1436 925 1473 sanctis
952 1435 1186 1473 mulieribus.

459 1551 555 1588 Illae
585 1554 755 1587 sacratos
786 1561 830 1586 ac
863 1548 1136 1586 desiderabiles

455 1607 688 1653 sanctosque
719 1606 835 1653 pedes
866 1609 1069 1643 tenuerunt
1101 1604 1260 1652 dulcius,

455 1664 606 1701 Dedere
639 1663 799 1700 strictim
832 1663 938 1700 basia
970 1660 1161 1706 melliflua,

456 1721 612 1757 Plantas
644 1720 774 1757 beatas
806 1731 879 1756 non
912 1718 1113 1755 cessabant
1143 1716 1311 1754 lambere

456 1778 531 1815 Per
560 1778 663 1813 mille
696 1778 796 1814 vices
828 1775 1055 1812 venerandis
1085 1774 1210 1812 labiis.

458 1891 488 1928 Ο
520 1901 630 1937 quani
662 1889 804 1936 beatas,
838 1888 980 1934 felices,
1014 1887 1240 1924 lectissimas

457 1949 697 1993 Quapropter
728 1947 820 1982 istas
852 1945 1028 1982 mulieres
1061 1945 1243 1981 dixerim!

459 2004 534 2041 Sed
566 2004 692 2040 nullus
722 2003 821 2039 inest
852 2002 942 2038 inihi
974 2012 1097 2038 sermo
1128 2000 1264 2049 facilis,

457 2061 528 2107 Qui
558 2060 679 2108 possit
709 2059 842 2096 harum
873 2059 1006 2096 saltem
1039 2068 1223 2094 summum
1254 2056 1430 2103 tegminis

458 2118 515 2155 De
547 2117 659 2154 laude
690 2116 793 2153 filum
826 2116 1100 2163 promulgando
1131 2119 1298 2161 tangere.

460 2231 559 2267 Istos
591 2234 760 2267 sacratos
791 2229 1034 2276 patriarchae
1064 2227 1223 2272 nobiles,

458 2287 573 2324 Multi
605 2287 826 2333 prophetae⁷
861 2297 968 2332 reges
999 2289 1034 2321 et
1066 2283 1266 2331 pontifices

460 2343 584 2380 Pedes
616 2344 747 2380 videre
780 2343 981 2381 voluerunt
1010 2342 1133 2387 anxie,

461 2400 536 2437 Sed
565 2411 639 2437 non
672 2400 860 2445 viderunt,
891 2410 983 2446 quos
1015 2397 1144 2434 felices
1177 2395 1337 2433 feminae

461 2457 574 2494 Dulci
605 2460 754 2493 retentu
786 2458 1005 2492 meruerunt
1035 2455 1233 2500 stringere.

464 2569 571 2606 Tunc
603 2570 707 2605 Iesus
738 2569 827 2617 illis,
858 2573 959 2605 totus
991 2567 1110 2604 bonus
1144 2567 1340 2611 Dominus,

466 2626 593 2663 Dixit:
629 2626 757 2662 Nolite
785 2626 857 2662 iani
891 2625 991 2661 ultra
1023 2633 1238 2671 pavescere,

465 2682 540 2720 Sed
571 2683 635 2731 ite,
668 2682 760 2718 meis
793 2682 906 2719 dicite
939 2680 1147 2727 discipulis,

462 2740 505 2776 In
538 2739 762 2776 Gallilaeam
793 2738 930 2775 montis
959 2738 997 2774 in
1030 2737 1221 2774 cacumine

463 2796 576 2842 Eant⁷
608 2795 736 2841 ibique
767 2806 826 2831 me
858 2795 1041 2833 videbunt
1071 2794 1229 2841 pariter.
