1785 3111
741 67 1052 108 —299—

545 185 584 221 5.
615 181 766 220 Summo
798 183 945 220 tonanti
976 183 1096 230 gloria

618 239 790 276 Aeterna
821 240 870 276 sit
900 250 969 286 per
1000 240 1164 283 saecula,

624 296 694 340 Qui
726 307 793 333 nos
825 297 944 334 sacris
975 297 1184 333 sollemniis

623 353 759 399 iungat
791 353 964 399 polorum
996 353 1157 400 gaudiis.

203 442 287 473 Vita
319 452 381 472 ms.
417 441 450 473 S.
476 440 682 473 Adelheidis
717 452 806 473 saec.
842 440 893 473 15.
943 442 1026 474 Cod.
1053 442 1243 473 Eremiten.
1277 439 1331 473 86.
1357 442 1395 473 A.
1424 458 1466 464 —-
1491 442 1594 473 Brev.
1621 453 1684 473 1113.

112 487 340 528 Pollingense
365 496 455 518 saec.
484 484 536 518 15.
555 487 642 519 Clm.
661 488 842 519 Monacen.
872 486 998 519 11771.
1026 489 1062 519 B.
1087 506 1109 508 e
1149 489 1365 518 Breviarium
1382 487 1686 529 Magdeburgense

113 534 195 575 imp.
221 532 483 573 Nurembergae
512 531 609 564 1491.
636 532 672 564 C.
699 551 741 554 —
769 532 987 565 Bibliotheca
1013 533 1215 565 Cluniacen.
1242 534 1306 564 eol.
1333 531 1408 565 369.
1436 534 1479 565 D.

207 576 243 616 1,
276 575 296 609 2
328 578 532 609 Adelhaidis
568 580 610 614 13;
643 578 821 619 Adheydis
855 579 892 610 C.
923 596 967 599 —
1002 578 1030 616 1,
1063 577 1086 609 4
1119 580 1216 618 Quae
1250 580 1295 617 C3
1331 580 1428 618 Quae
1462 589 1543 610 secu
1567 579 1685 611 lumen

112 623 330 665 resplenduit
365 624 402 655 Β.
435 641 477 644 -
512 622 543 660 2,
580 623 596 655 1
628 625 669 655 In
702 624 888 665 apostolici
923 626 960 655 B.
995 642 1036 646 —
1070 622 1108 661 ⁴2,
1142 622 1162 654 ‘2
1196 624 1419 656 didascolicis
1445 626 1513 656 BC.
1540 642 1582 645 —
1608 622 1638 658 3
1667 623 1682 655 1

112 670 312 711 largissime
338 669 374 701 C.
400 687 445 690 —
469 668 500 707 4,
527 667 547 700 2
573 680 695 701 manus
721 669 955 711 compleverat
989 671 1026 700 B.
1045 688 1089 691 —-
1109 669 1185 711 Vgl.
1203 671 1296 701 Mon.
1315 670 1430 702 Germ.
1449 671 1511 702 SS.
1529 670 1590 709 IV,
1608 668 1685 706 649.

605 825 688 861 232.
725 826 783 868 (4.)
807 826 852 860 In
878 826 1011 862 sancti
1036 826 1196 861 Maioli.

745 892 786 921 In
816 890 842 922 1.
873 892 1049 932 Vesperis,

130 973 167 1013 1,
201 972 370 1009 Victoris
401 972 487 1018 agni
519 972 700 1018 sanguine
952 975 990 1011 6.
1023 972 1177 1010 Ordinis
1209 972 1411 1018 apostolici

200 1029 292 1066 Dies
323 1033 496 1066 sacratus
528 1029 654 1076 hodie⁷
1021 1029 1210 1066 Sectando
1241 1040 1349 1066 sacra
1377 1029 1554 1076 dogmata

197 1085 320 1122 Fusus
349 1096 524 1132 supremo
556 1086 710 1132 lumine,
1022 1086 1162 1122 Factus
1194 1091 1249 1122 est
1281 1091 1391 1132 pater
1421 1087 1574 1123 inclitus

200 1141 360 1180 Gemina
390 1142 539 1189 pollens
570 1143 762 1189 lampade.
1024 1144 1111 1189 Ipse
1142 1143 1201 1179 vir
1229 1143 1473 1189 apostolicus.

130 1236 167 1272 2.
199 1234 314 1281 Ecce,
346 1234 528 1280 paschale
558 1234 736 1281 gaudium
954 1235 990 1273 7.
1022 1235 1136 1272 Cuius
1169 1234 1271 1270 clara
1304 1232 1490 1270 confessio

198 1290 339 1337 Fulget
369 1301 439 1337 per
469 1300 579 1327 omne
609 1291 824 1327 saeculum!
1022 1292 1235 1329 Coronatur
1265 1291 1450 1337 martyrio

197 1347 332 1394 Magni
358 1347 494 1384 Maioli
526 1348 744 1396 transitum,
1021 1347 1263 1385 Decertando
1294 1348 1462 1395 legitime

199 1404 326 1441 Vitam
357 1404 469 1441 simul
500 1408 537 1440 et
567 1404 745 1441 meritum
1022 1405 1186 1441 Sub-acto
1218 1405 1348 1441 mundi
1380 1404 1568 1451 principe.

129 1497 167 1535 3.
199 1496 348 1541 Pangat
379 1495 503 1532 clerus
532 1499 568 1531 et
599 1496 775 1543 populus,
950 1496 987 1534 8.
1021 1496 1219 1541 Templum
1250 1496 1332 1542 ipse
1362 1495 1573 1541 virgineum

197 1552 366 1589 Maxime
396 1562 489 1598 grex
522 1552 764 1600 monasticus,
1019 1553 1157 1589 Pectus
1189 1553 1353 1589 sacravit
1386 1553 1595 1599 proprium,

199 1609 281 1655 Quo
310 1609 365 1646 nil
394 1609 530 1645 habuit
562 1609 722 1651 dulcius,
1021 1609 1204 1646 Caelestis
1236 1609 1337 1646 vitae
1369 1610 1521 1646 nuntius

199 1666 298 1703 Dum
331 1671 429 1702 esset
459 1667 573 1703 terris
604 1666 763 1712 positus,
1020 1667 1136 1703 Recte
1168 1672 1325 1703 vocatur
1355 1667 1526 1714 angelus,

130 1760 168 1798 4.
198 1757 402 1794 Praecedit
435 1757 607 1795 Christus
640 1757 801 1807 patiens,
953 1758 990 1796 9.
1024 1758 1188 1802 Quorum
1219 1757 1358 1804 gaudet
1389 1757 1603 1794 nominibus

202 1814 368 1851 Maiolus
398 1814 505 1850 illum
537 1814 720 1851 confitens
1023 1815 1138 1852 Pater
1169 1819 1298 1850 noster
1328 1814 1513 1861 egregius,

203 1871 382 1917 Sequitur
412 1876 517 1908 recto
548 1871 713 1918 tramite,
1024 1871 1097 1908 Hic
1128 1882 1195 1907 nos
1227 1872 1355 1918 iungat
1387 1871 1426 1908 in
1456 1872 1613 1908 aethera

202 1927 275 1964 Dei
305 1932 536 1974 praeventus
566 1938 736 1968 munere.
1024 1928 1168 1966 Christi
1199 1928 1352 1966 favente
1382 1928 1517 1976 gratia.

133 2020 171 2057 5.
202 2018 514 2056 Patriarcharum
546 2019 705 2056 solidam
927 2019 992 2058 10.
1024 2018 1112 2057 Tibi
1143 2018 1192 2054 sit
1222 2018 1304 2055 laus
1336 2022 1371 2054 et
1404 2018 1525 2063 gloria

201 2075 339 2112 Fidem
371 2086 487 2123 opere
519 2076 646 2122 coluit,
1023 2075 1189 2112 Tollenti
1221 2075 1350 2112 mundi
1378 2075 1536 2112 crimina

205 2127 316 2177 Quod'
346 2132 481 2169 chorus
510 2138 637 2169 vatum
670 2132 819 2180 cecinit,
1026 2132 1118 2170 Cum
1150 2137 1259 2178 patre
1293 2136 1327 2168 et
1360 2136 1489 2168 sancto
1521 2132 1657 2178 spiritu

203 2188 331 2225 Fideli
362 2188 438 2226 fide
469 2189 647 2227 credidit.
1026 2190 1069 2226 In
1101 2189 1333 2235 sempiterna
1359 2189 1522 2225 saecula

211 2277 823 2321 Cod.Parisin.Nouv.aeq.1496
848 2290 938 2311 saec.
968 2277 1008 2310 12
1033 2281 1079 2310 in.
1105 2297 1148 2300 —
1178 2278 1494 2319 Augenscheinlich
1522 2288 1584 2310 aus
1611 2278 1687 2310 der-

56 2309 59 2311 *
121 2323 238 2355 selben
271 2324 336 2356 Hs.
366 2324 588 2356 Bibliotheca
621 2323 1102 2357 Cluniace11.eol.291.ss
1131 2324 1348 2356 u1eder1101t
1373 2334 1436 2355 aus
1462 2324 1564 2355 Anal.
1590 2325 1688 2355 xlx,

121 2366 183 2400 187
210 2379 260 2410 sq.

602 2480 684 2516 233.
721 2482 779 2523 (5.)
814 2481 859 2515 In
886 2481 1018 2516 sancti
1043 2481 1201 2517 Maioli.

754 2545 808 2577 Ad
833 2547 1060 2577 Nocturnum.

382 2626 419 2664 1.
467 2626 629 2674 Christe,
664 2630 882 2663 cunctorum
916 2626 988 2674 via,
1020 2627 1084 2663 lux
1116 2631 1347 2673 sanctorum,

467 2683 648 2721 Precibus
679 2684 799 2720 sacris
830 2684 1038 2721 venerandi
1070 2685 1205 2730 patris,

465 2740 598 2811 Magni
629 2740 778 2788 Maioli
809 2741 951 2786 populo
982 2739 1086 2778 fideli

750 2796 899 2834 Gaudia
929 2797 1036 2844 pacis
