<?xml version="1.0" encoding="UTF-8"?>
<!DOCTYPE html PUBLIC "-//W3C//DTD XHTML 1.0 Transitional//EN"
    "http://www.w3.org/TR/xhtml1/DTD/xhtml1-transitional.dtd">
<html xmlns="http://www.w3.org/1999/xhtml" xml:lang="en" lang="en">
 <head>
  <title>
</title>
<meta http-equiv="Content-Type" content="text/html;charset=utf-8" />
  <meta name='ocr-system' content='tesseract 3.04.00' />
  <meta name='ocr-capabilities' content='ocr_page ocr_carea ocr_par ocr_line ocrx_word'/>
</head>
<body>
  <div class='ocr_page' id='page_1' title='image "./analectahymnicam50drevuoft/analectahymnicam50drevuoft_0125.png"; bbox 0 0 1785 3111; ppageno 0'>
   <div class='ocr_carea' id='block_1_1' title="bbox 71 964 135 1001">
    <p class='ocr_par' dir='ltr' id='par_1_1' title="bbox 71 964 135 1001">
     <span class='ocr_line' id='line_1_1' title="bbox 71 964 135 1001; baseline 0 0"><span class='ocrx_word' id='word_1_1' title='bbox 71 964 135 1001; x_wconf 89' lang='lat'>10.</span> 
     </span>
    </p>
   </div>
   <div class='ocr_carea' id='block_1_2' title="bbox 68 1225 132 1264">
    <p class='ocr_par' dir='ltr' id='par_1_2' title="bbox 68 1225 132 1264">
     <span class='ocr_line' id='line_1_2' title="bbox 68 1225 132 1264; baseline 0.016 -1"><span class='ocrx_word' id='word_1_2' title='bbox 68 1225 132 1264; x_wconf 89' lang='lat'>11.</span> 
     </span>
    </p>
   </div>
   <div class='ocr_carea' id='block_1_3' title="bbox 67 1486 133 1525">
    <p class='ocr_par' dir='ltr' id='par_1_3' title="bbox 67 1486 133 1525">
     <span class='ocr_line' id='line_1_3' title="bbox 67 1486 133 1525; baseline -0.015 0"><span class='ocrx_word' id='word_1_3' title='bbox 67 1486 133 1525; x_wconf 89' lang='grc'>12.</span> 
     </span>
    </p>
   </div>
   <div class='ocr_carea' id='block_1_4' title="bbox 165 177 754 396">
    <p class='ocr_par' dir='ltr' id='par_1_4' title="bbox 165 177 722 281">
     <span class='ocr_line' id='line_1_4' title="bbox 167 177 722 224; baseline -0.005 -7"><span class='ocrx_word' id='word_1_4' title='bbox 167 179 230 217; x_wconf 90' lang='lat' dir='ltr'>Sic</span> <span class='ocrx_word' id='word_1_5' title='bbox 259 183 302 217; x_wconf 89' lang='lat' dir='ltr'>tu</span> <span class='ocrx_word' id='word_1_6' title='bbox 329 177 452 216; x_wconf 90' lang='lat' dir='ltr'>libens</span> <span class='ocrx_word' id='word_1_7' title='bbox 482 188 542 215; x_wconf 90' lang='lat' dir='ltr'>me</span> <span class='ocrx_word' id='word_1_8' title='bbox 572 178 722 224; x_wconf 82' lang='lat' dir='ltr'><strong>suscipe</strong></span> 
     </span>
     <span class='ocr_line' id='line_1_5' title="bbox 165 235 640 281; baseline -0.004 -8"><span class='ocrx_word' id='word_1_9' title='bbox 165 236 274 273; x_wconf 91' lang='lat' dir='ltr'>Illius</span> <span class='ocrx_word' id='word_1_10' title='bbox 299 235 407 273; x_wconf 74' lang='lat' dir='ltr'>alma</span> <span class='ocrx_word' id='word_1_11' title='bbox 437 235 640 281; x_wconf 87' lang='lat' dir='ltr'>servulum,</span> 
     </span>
    </p>

    <p class='ocr_par' dir='ltr' id='par_1_5' title="bbox 165 292 754 396">
     <span class='ocr_line' id='line_1_6' title="bbox 165 292 754 340; baseline -0.003 -11"><span class='ocrx_word' id='word_1_12' title='bbox 165 293 236 340; x_wconf 78' lang='lat' dir='ltr'>Qui</span> <span class='ocrx_word' id='word_1_13' title='bbox 266 302 327 329; x_wconf 85' lang='lat' dir='ltr'>me</span> <span class='ocrx_word' id='word_1_14' title='bbox 357 292 520 329; x_wconf 84' lang='lat' dir='ltr'>redemit</span> <span class='ocrx_word' id='word_1_15' title='bbox 552 302 623 339; x_wconf 91' lang='lat' dir='ltr'>per</span> <span class='ocrx_word' id='word_1_16' title='bbox 652 295 754 328; x_wconf 87' lang='lat' dir='ltr'>tuam</span> 
     </span>
     <span class='ocr_line' id='line_1_7' title="bbox 165 348 683 396; baseline -0.006 -8"><span class='ocrx_word' id='word_1_17' title='bbox 165 349 353 396; x_wconf 80' lang='lat' dir='ltr'>Magister</span> <span class='ocrx_word' id='word_1_18' title='bbox 382 349 481 386; x_wconf 88' lang='lat' dir='ltr'>altus</span> <span class='ocrx_word' id='word_1_19' title='bbox 512 348 683 396; x_wconf 84' lang='lat' dir='ltr'>gloriam.</span> 
     </span>
    </p>
   </div>
   <div class='ocr_carea' id='block_1_5' title="bbox 166 438 756 649">
    <p class='ocr_par' dir='ltr' id='par_1_6' title="bbox 167 438 728 535">
     <span class='ocr_line' id='line_1_8' title="bbox 167 438 728 478; baseline -0.007 0"><span class='ocrx_word' id='word_1_20' title='bbox 167 440 230 478; x_wconf 87' lang='lat' dir='ltr'>Sic</span> <span class='ocrx_word' id='word_1_21' title='bbox 261 438 366 478; x_wconf 86' lang='lat' dir='ltr'>fatur</span> <span class='ocrx_word' id='word_1_22' title='bbox 396 440 574 477; x_wconf 85' lang='lat' dir='ltr'>Andreas</span> <span class='ocrx_word' id='word_1_23' title='bbox 606 438 728 476; x_wconf 91' lang='lat' dir='ltr'>crucis</span> 
     </span>
     <span class='ocr_line' id='line_1_9' title="bbox 167 498 668 535; baseline -0.004 -1"><span class='ocrx_word' id='word_1_24' title='bbox 167 498 309 535; x_wconf 89' lang='lat' dir='ltr'>Erecta</span> <span class='ocrx_word' id='word_1_25' title='bbox 338 507 495 534; x_wconf 86' lang='lat' dir='ltr'>cernens</span> <span class='ocrx_word' id='word_1_26' title='bbox 528 507 668 533; x_wconf 88' lang='lat' dir='ltr'>cornua</span> 
     </span>
    </p>

    <p class='ocr_par' dir='ltr' id='par_1_7' title="bbox 166 552 756 649">
     <span class='ocr_line' id='line_1_10' title="bbox 167 552 732 601; baseline -0.005 -10"><span class='ocrx_word' id='word_1_27' title='bbox 167 554 414 601; x_wconf 84' lang='lat' dir='ltr'>Tradensque</span> <span class='ocrx_word' id='word_1_28' title='bbox 446 558 592 591; x_wconf 89' lang='lat' dir='ltr'>vestem</span> <span class='ocrx_word' id='word_1_29' title='bbox 621 552 732 589; x_wconf 89' lang='lat' dir='ltr'>militi</span> 
     </span>
     <span class='ocr_line' id='line_1_11' title="bbox 166 609 756 649; baseline 0 -1"><span class='ocrx_word' id='word_1_30' title='bbox 166 611 335 648; x_wconf 88' lang='lat' dir='ltr'>Levatur</span> <span class='ocrx_word' id='word_1_31' title='bbox 365 611 404 648; x_wconf 92' lang='lat' dir='ltr'>in</span> <span class='ocrx_word' id='word_1_32' title='bbox 436 611 537 649; x_wconf 89' lang='lat' dir='ltr'>vitae</span> <span class='ocrx_word' id='word_1_33' title='bbox 567 609 756 648; x_wconf 84' lang='lat' dir='ltr'>arborem.</span> 
     </span>
    </p>
   </div>
   <div class='ocr_carea' id='block_1_6' title="bbox 128 701 759 744">
    <p class='ocr_par' dir='ltr' id='par_1_8' title="bbox 128 701 759 744">
     <span class='ocr_line' id='line_1_12' title="bbox 128 701 759 744; baseline -0.006 -4"><span class='ocrx_word' id='word_1_34' title='bbox 128 734 135 740; x_wconf 94' lang='lat'>.</span> <span class='ocrx_word' id='word_1_35' title='bbox 169 702 250 740; x_wconf 87' lang='lat' dir='ltr'>Nec</span> <span class='ocrx_word' id='word_1_36' title='bbox 283 705 409 739; x_wconf 86' lang='lat' dir='ltr'>cessat</span> <span class='ocrx_word' id='word_1_37' title='bbox 440 701 547 744; x_wconf 20' lang='lat' dir='ltr'>altus,</span> <span class='ocrx_word' id='word_1_38' title='bbox 573 701 620 738; x_wconf 90' lang='lat' dir='ltr'>de</span> <span class='ocrx_word' id='word_1_39' title='bbox 649 711 759 737; x_wconf 87' lang='lat' dir='ltr'>cruce</span> 
     </span>
    </p>
   </div>
   <div class='ocr_carea' id='block_1_7' title="bbox 165 758 757 920">
    <p class='ocr_par' dir='ltr' id='par_1_9' title="bbox 165 758 757 920">
     <span class='ocr_line' id='line_1_13' title="bbox 165 758 742 803; baseline -0.005 -7"><span class='ocrx_word' id='word_1_40' title='bbox 165 759 314 796; x_wconf 82' lang='lat' dir='ltr'>Docere</span> <span class='ocrx_word' id='word_1_41' title='bbox 343 758 494 795; x_wconf 87' lang='lat' dir='ltr'>turbam</span> <span class='ocrx_word' id='word_1_42' title='bbox 525 758 742 803; x_wconf 83' lang='lat' dir='ltr'>astantium,</span> 
     </span>
     <span class='ocr_line' id='line_1_14' title="bbox 165 814 757 862; baseline -0.005 -9"><span class='ocrx_word' id='word_1_43' title='bbox 165 816 292 853; x_wconf 79' lang='lat' dir='ltr'>Vitam</span> <span class='ocrx_word' id='word_1_44' title='bbox 324 825 528 862; x_wconf 89' lang='lat' dir='ltr'>perennem</span> <span class='ocrx_word' id='word_1_45' title='bbox 562 825 644 852; x_wconf 85' lang='lat' dir='ltr'>cum</span> <span class='ocrx_word' id='word_1_46' title='bbox 676 814 757 851; x_wconf 91' lang='lat' dir='ltr'>Deo</span> 
     </span>
     <span class='ocr_line' id='line_1_15' title="bbox 169 871 722 920; baseline -0.004 -10"><span class='ocrx_word' id='word_1_47' title='bbox 169 873 325 920; x_wconf 90' lang='lat' dir='ltr'>Polique</span> <span class='ocrx_word' id='word_1_48' title='bbox 353 882 508 919; x_wconf 89' lang='lat' dir='ltr'>regnum</span> <span class='ocrx_word' id='word_1_49' title='bbox 540 871 722 919; x_wconf 89' lang='lat' dir='ltr'>pandere.</span> 
     </span>
    </p>
   </div>
   <div class='ocr_carea' id='block_1_8' title="bbox 165 961 769 1173">
    <p class='ocr_par' dir='ltr' id='par_1_10' title="bbox 165 961 769 1173">
     <span class='ocr_line' id='line_1_16' title="bbox 166 961 726 1010; baseline -0.002 -10"><span class='ocrx_word' id='word_1_50' title='bbox 166 964 330 1010; x_wconf 78' lang='lat' dir='ltr'>Quorum</span> <span class='ocrx_word' id='word_1_51' title='bbox 362 961 438 1000; x_wconf 91' lang='lat' dir='ltr'>fide</span> <span class='ocrx_word' id='word_1_52' title='bbox 468 962 543 1000; x_wconf 90' lang='lat' dir='ltr'>iam</span> <span class='ocrx_word' id='word_1_53' title='bbox 576 961 726 1000; x_wconf 85' lang='lat' dir='ltr'>fervida</span> 
     </span>
     <span class='ocr_line' id='line_1_17' title="bbox 166 1019 726 1067; baseline -0.002 -10"><span class='ocrx_word' id='word_1_54' title='bbox 166 1020 392 1067; x_wconf 89' lang='lat' dir='ltr'>Turbaeque</span> <span class='ocrx_word' id='word_1_55' title='bbox 421 1019 537 1057; x_wconf 84' lang='lat' dir='ltr'>iudex</span> <span class='ocrx_word' id='word_1_56' title='bbox 569 1019 726 1056; x_wconf 88' lang='lat' dir='ltr'>territus</span> 
     </span>
     <span class='ocr_line' id='line_1_18' title="bbox 167 1076 641 1124; baseline -0.002 -10"><span class='ocrx_word' id='word_1_57' title='bbox 167 1077 215 1115; x_wconf 90' lang='lat' dir='ltr'>Se</span> <span class='ocrx_word' id='word_1_58' title='bbox 245 1077 451 1124; x_wconf 90' lang='lat' dir='ltr'>pollicetur</span> <span class='ocrx_word' id='word_1_59' title='bbox 479 1076 641 1114; x_wconf 77' lang='lat' dir='ltr'>nexibus</span> 
     </span>
     <span class='ocr_line' id='line_1_19' title="bbox 165 1133 769 1173; baseline 0.005 -3"><span class='ocrx_word' id='word_1_60' title='bbox 165 1134 278 1171; x_wconf 91' lang='lat' dir='ltr'>Hunc</span> <span class='ocrx_word' id='word_1_61' title='bbox 306 1134 440 1171; x_wconf 89' lang='lat' dir='ltr'>mortis</span> <span class='ocrx_word' id='word_1_62' title='bbox 470 1137 577 1171; x_wconf 82' lang='lat' dir='ltr'>atrae</span> <span class='ocrx_word' id='word_1_63' title='bbox 608 1133 769 1173; x_wconf 91' lang='lat' dir='ltr'>solvere.</span> 
     </span>
    </p>
   </div>
   <div class='ocr_carea' id='block_1_9' title="bbox 164 1224 781 1433">
    <p class='ocr_par' dir='ltr' id='par_1_11' title="bbox 164 1224 781 1433">
     <span class='ocr_line' id='line_1_20' title="bbox 165 1224 682 1274; baseline -0.004 -12"><span class='ocrx_word' id='word_1_64' title='bbox 165 1225 218 1262; x_wconf 90' lang='lat' dir='ltr'>At</span> <span class='ocrx_word' id='word_1_65' title='bbox 249 1225 441 1274; x_wconf 85' lang='lat' dir='ltr'>Andreas,</span> <span class='ocrx_word' id='word_1_66' title='bbox 474 1224 571 1262; x_wconf 87' lang='lat' dir='ltr'>caeli</span> <span class='ocrx_word' id='word_1_67' title='bbox 601 1224 682 1261; x_wconf 83' lang='lat' dir='ltr'>vias</span> 
     </span>
     <span class='ocr_line' id='line_1_21' title="bbox 164 1278 781 1329; baseline -0.003 -10"><span class='ocrx_word' id='word_1_68' title='bbox 164 1278 380 1329; x_wconf 86' lang='lat' dir='ltr'>Regemque</span> <span class='ocrx_word' id='word_1_69' title='bbox 412 1281 508 1319; x_wconf 89' lang='lat' dir='ltr'>caeli</span> <span class='ocrx_word' id='word_1_70' title='bbox 538 1291 583 1319; x_wconf 89' lang='lat' dir='ltr'>ac</span> <span class='ocrx_word' id='word_1_71' title='bbox 615 1281 781 1318; x_wconf 84' lang='lat' dir='ltr'>dulcium</span> 
     </span>
     <span class='ocr_line' id='line_1_22' title="bbox 166 1338 722 1386; baseline -0.002 -11"><span class='ocrx_word' id='word_1_72' title='bbox 166 1339 374 1386; x_wconf 84' lang='lat' dir='ltr'>Frequenti</span> <span class='ocrx_word' id='word_1_73' title='bbox 404 1338 479 1376; x_wconf 86' lang='lat' dir='ltr'>iam</span> <span class='ocrx_word' id='word_1_74' title='bbox 511 1338 722 1375; x_wconf 85' lang='lat' dir='ltr'>concivium</span> 
     </span>
     <span class='ocr_line' id='line_1_23' title="bbox 168 1395 758 1433; baseline 0 -1"><span class='ocrx_word' id='word_1_75' title='bbox 168 1395 334 1433; x_wconf 85' lang='lat' dir='ltr'>Caelesti</span> <span class='ocrx_word' id='word_1_76' title='bbox 364 1396 404 1432; x_wconf 93' lang='lat' dir='ltr'>in</span> <span class='ocrx_word' id='word_1_77' title='bbox 434 1405 522 1433; x_wconf 85' lang='lat' dir='ltr'>arce</span> <span class='ocrx_word' id='word_1_78' title='bbox 554 1399 758 1432; x_wconf 84' lang='lat' dir='ltr'>contuens:</span> 
     </span>
    </p>
   </div>
   <div class='ocr_carea' id='block_1_10' title="bbox 164 1486 799 1706">
    <p class='ocr_par' dir='ltr' id='par_1_12' title="bbox 164 1486 722 1591">
     <span class='ocr_line' id='line_1_24' title="bbox 165 1486 722 1536; baseline -0.002 -12"><span class='ocrx_word' id='word_1_79' title='bbox 165 1487 264 1534; x_wconf 88' lang='lat' dir='ltr'>Iesu,</span> <span class='ocrx_word' id='word_1_80' title='bbox 298 1496 446 1536; x_wconf 82' lang='lat' dir='ltr'>precor,</span> <span class='ocrx_word' id='word_1_81' title='bbox 482 1487 592 1535; x_wconf 88' lang='lat' dir='ltr'>dixit,</span> <span class='ocrx_word' id='word_1_82' title='bbox 624 1486 722 1523; x_wconf 89' lang='lat' dir='ltr'>bone</span> 
     </span>
     <span class='ocr_line' id='line_1_25' title="bbox 164 1543 693 1591; baseline -0.002 -10"><span class='ocrx_word' id='word_1_83' title='bbox 164 1544 366 1591; x_wconf 81' lang='lat' dir='ltr'>Magister,</span> <span class='ocrx_word' id='word_1_84' title='bbox 399 1543 473 1581; x_wconf 87' lang='lat' dir='ltr'>ista</span> <span class='ocrx_word' id='word_1_85' title='bbox 504 1543 551 1581; x_wconf 94' lang='lat' dir='ltr'>de</span> <span class='ocrx_word' id='word_1_86' title='bbox 583 1554 693 1580; x_wconf 87' lang='lat' dir='ltr'>cruce</span> 
     </span>
    </p>

    <p class='ocr_par' dir='ltr' id='par_1_13' title="bbox 166 1600 799 1706">
     <span class='ocr_line' id='line_1_26' title="bbox 166 1600 799 1647; baseline -0.003 -8"><span class='ocrx_word' id='word_1_87' title='bbox 166 1602 230 1639; x_wconf 90' lang='lat' dir='ltr'>Me</span> <span class='ocrx_word' id='word_1_88' title='bbox 271 1611 380 1637; x_wconf 91' lang='lat' dir='ltr'>nemo</span> <span class='ocrx_word' id='word_1_89' title='bbox 411 1600 538 1638; x_wconf 85' lang='lat' dir='ltr'>vivum</span> <span class='ocrx_word' id='word_1_90' title='bbox 567 1600 607 1637; x_wconf 91' lang='lat' dir='ltr'>in</span> <span class='ocrx_word' id='word_1_91' title='bbox 640 1611 799 1647; x_wconf 89' lang='lat' dir='ltr'>corpore</span> 
     </span>
     <span class='ocr_line' id='line_1_27' title="bbox 169 1655 672 1706; baseline 0.002 -13"><span class='ocrx_word' id='word_1_92' title='bbox 169 1657 313 1694; x_wconf 88' lang='lat' dir='ltr'>Vinclis</span> <span class='ocrx_word' id='word_1_93' title='bbox 346 1657 478 1695; x_wconf 90' lang='lat' dir='ltr'>solutis</span> <span class='ocrx_word' id='word_1_94' title='bbox 509 1655 672 1706; x_wconf 88' lang='lat' dir='ltr'>auferat,</span> 
     </span>
    </p>
   </div>
   <div class='ocr_carea' id='block_1_11' title="bbox 797 63 968 104">
    <p class='ocr_par' dir='ltr' id='par_1_14' title="bbox 797 63 968 104">
     <span class='ocr_line' id='line_1_28' title="bbox 797 63 968 104; baseline 0.006 -1"><span class='ocrx_word' id='word_1_95' title='bbox 797 63 876 104; x_wconf 80' lang='grc'>113</span> <span class='ocrx_word' id='word_1_96' title='bbox 934 85 968 90; x_wconf 83' lang='lat'>—</span> 
     </span>
    </p>
   </div>
   <div class='ocr_carea' id='block_1_12' title="bbox 885 180 950 219">
    <p class='ocr_par' dir='ltr' id='par_1_15' title="bbox 885 180 950 219">
     <span class='ocr_line' id='line_1_29' title="bbox 885 180 950 219; baseline 0.031 -2"><span class='ocrx_word' id='word_1_97' title='bbox 885 180 950 219; x_wconf 87' lang='lat'>13.</span> 
     </span>
    </p>
   </div>
   <div class='ocr_carea' id='block_1_13' title="bbox 888 441 951 479">
    <p class='ocr_par' dir='ltr' id='par_1_16' title="bbox 888 441 951 479">
     <span class='ocr_line' id='line_1_30' title="bbox 888 441 951 479; baseline -0.032 0"><span class='ocrx_word' id='word_1_98' title='bbox 888 441 951 479; x_wconf 85' lang='lat'>14.</span> 
     </span>
    </p>
   </div>
   <div class='ocr_carea' id='block_1_14' title="bbox 891 702 955 740">
    <p class='ocr_par' dir='ltr' id='par_1_17' title="bbox 891 702 955 740">
     <span class='ocr_line' id='line_1_31' title="bbox 891 702 955 740; baseline -0.016 0"><span class='ocrx_word' id='word_1_99' title='bbox 891 702 955 740; x_wconf 86' lang='lat'>15.</span> 
     </span>
    </p>
   </div>
   <div class='ocr_carea' id='block_1_15' title="bbox 888 964 952 1002">
    <p class='ocr_par' dir='ltr' id='par_1_18' title="bbox 888 964 952 1002">
     <span class='ocr_line' id='line_1_32' title="bbox 888 964 952 1002; baseline 0.016 -1"><span class='ocrx_word' id='word_1_100' title='bbox 888 964 952 1002; x_wconf 84' lang='grc'>16.</span> 
     </span>
    </p>
   </div>
   <div class='ocr_carea' id='block_1_16' title="bbox 887 1225 950 1263">
    <p class='ocr_par' dir='ltr' id='par_1_19' title="bbox 887 1225 950 1263">
     <span class='ocr_line' id='line_1_33' title="bbox 887 1225 950 1263; baseline -0.016 0"><span class='ocrx_word' id='word_1_101' title='bbox 887 1225 950 1263; x_wconf 85' lang='grc'>17.</span> 
     </span>
    </p>
   </div>
   <div class='ocr_carea' id='block_1_17' title="bbox 885 1488 948 1527">
    <p class='ocr_par' dir='ltr' id='par_1_20' title="bbox 885 1488 948 1527">
     <span class='ocr_line' id='line_1_34' title="bbox 885 1488 948 1527; baseline 0.032 -3"><span class='ocrx_word' id='word_1_102' title='bbox 885 1488 948 1527; x_wconf 78' lang='lat'>18.</span> 
     </span>
    </p>
   </div>
   <div class='ocr_carea' id='block_1_18' title="bbox 982 178 1614 396">
    <p class='ocr_par' dir='ltr' id='par_1_21' title="bbox 982 178 1614 396">
     <span class='ocr_line' id='line_1_35' title="bbox 983 178 1599 225; baseline 0 -10"><span class='ocrx_word' id='word_1_103' title='bbox 983 179 1096 216; x_wconf 88' lang='lat' dir='ltr'>Prius</span> <span class='ocrx_word' id='word_1_104' title='bbox 1126 188 1248 215; x_wconf 90' lang='lat' dir='ltr'>meum</span> <span class='ocrx_word' id='word_1_105' title='bbox 1280 189 1391 225; x_wconf 88' lang='lat' dir='ltr'>quam</span> <span class='ocrx_word' id='word_1_106' title='bbox 1423 178 1599 224; x_wconf 88' lang='lat' dir='ltr'>spiritum</span> 
     </span>
     <span class='ocr_line' id='line_1_36' title="bbox 982 235 1614 282; baseline -0.002 -9"><span class='ocrx_word' id='word_1_107' title='bbox 982 235 1016 273; x_wconf 89' lang='lat' dir='ltr'>E</span> <span class='ocrx_word' id='word_1_108' title='bbox 1048 246 1162 273; x_wconf 88' lang='lat' dir='ltr'>carne</span> <span class='ocrx_word' id='word_1_109' title='bbox 1192 238 1343 282; x_wconf 88' lang='lat' dir='ltr'>raptum</span> <span class='ocrx_word' id='word_1_110' title='bbox 1364 235 1614 282; x_wconf 85' lang='lat' dir='ltr'>assumpseris</span> 
     </span>
     <span class='ocr_line' id='line_1_37' title="bbox 986 291 1525 341; baseline -0.002 -12"><span class='ocrx_word' id='word_1_111' title='bbox 986 293 1028 329; x_wconf 92' lang='lat' dir='ltr'>In</span> <span class='ocrx_word' id='word_1_112' title='bbox 1060 292 1284 339; x_wconf 85' lang='lat' dir='ltr'>patriaeque</span> <span class='ocrx_word' id='word_1_113' title='bbox 1314 291 1525 341; x_wconf 86' lang='lat' dir='ltr'>moenibus,</span> 
     </span>
     <span class='ocr_line' id='line_1_38' title="bbox 988 349 1452 396; baseline 0.002 -10"><span class='ocrx_word' id='word_1_114' title='bbox 988 349 1056 386; x_wconf 92' lang='lat' dir='ltr'>Cui</span> <span class='ocrx_word' id='word_1_115' title='bbox 1087 349 1221 396; x_wconf 88' lang='lat' dir='ltr'>milito,</span> <span class='ocrx_word' id='word_1_116' title='bbox 1254 349 1452 387; x_wconf 84' lang='lat' dir='ltr'>locaveris.</span> 
     </span>
    </p>
   </div>
   <div class='ocr_carea' id='block_1_19' title="bbox 984 438 1573 658">
    <p class='ocr_par' dir='ltr' id='par_1_22' title="bbox 984 438 1573 658">
     <span class='ocr_line' id='line_1_39' title="bbox 986 438 1558 486; baseline -0.002 -9"><span class='ocrx_word' id='word_1_117' title='bbox 986 440 1093 477; x_wconf 81' lang='lat' dir='ltr'>Haec</span> <span class='ocrx_word' id='word_1_118' title='bbox 1125 439 1233 486; x_wconf 81' lang='lat' dir='ltr'>dixit,</span> <span class='ocrx_word' id='word_1_119' title='bbox 1267 444 1305 476; x_wconf 88' lang='lat' dir='ltr'>et</span> <span class='ocrx_word' id='word_1_120' title='bbox 1332 438 1558 477; x_wconf 84' lang='lat' dir='ltr'>caelestibus</span> 
     </span>
     <span class='ocr_line' id='line_1_40' title="bbox 984 496 1467 534; baseline 0 -1"><span class='ocrx_word' id='word_1_121' title='bbox 984 497 1135 534; x_wconf 87' lang='lat' dir='ltr'>Emissa</span> <span class='ocrx_word' id='word_1_122' title='bbox 1166 497 1231 533; x_wconf 83' lang='lat' dir='ltr'>lux</span> <span class='ocrx_word' id='word_1_123' title='bbox 1263 507 1282 533; x_wconf 94' lang='lat' dir='ltr'>e</span> <span class='ocrx_word' id='word_1_124' title='bbox 1313 496 1467 534; x_wconf 88' lang='lat' dir='ltr'>sedibus</span> 
     </span>
     <span class='ocr_line' id='line_1_41' title="bbox 985 552 1528 592; baseline -0.002 -1"><span class='ocrx_word' id='word_1_125' title='bbox 985 553 1248 592; x_wconf 89' lang='lat' dir='ltr'>Circumdedit</span> <span class='ocrx_word' id='word_1_126' title='bbox 1279 552 1528 590; x_wconf 86' lang='lat' dir='ltr'>fortissimum</span> 
     </span>
     <span class='ocr_line' id='line_1_42' title="bbox 988 610 1573 658; baseline 0 -10"><span class='ocrx_word' id='word_1_127' title='bbox 988 610 1132 648; x_wconf 85' lang='lat' dir='ltr'>Christi</span> <span class='ocrx_word' id='word_1_128' title='bbox 1164 621 1321 647; x_wconf 87' lang='lat' dir='ltr'>corusca</span> <span class='ocrx_word' id='word_1_129' title='bbox 1352 614 1573 658; x_wconf 84' lang='lat' dir='ltr'>martyrem.</span> 
     </span>
    </p>
   </div>
   <div class='ocr_carea' id='block_1_20' title="bbox 987 700 1619 921">
    <p class='ocr_par' dir='ltr' id='par_1_23' title="bbox 987 700 1619 921">
     <span class='ocr_line' id='line_1_43' title="bbox 990 700 1536 748; baseline 0 -11"><span class='ocrx_word' id='word_1_130' title='bbox 990 701 1254 748; x_wconf 88' lang='lat' dir='ltr'>Splendorque</span> <span class='ocrx_word' id='word_1_131' title='bbox 1285 701 1364 738; x_wconf 90' lang='lat' dir='ltr'>sole</span> <span class='ocrx_word' id='word_1_132' title='bbox 1396 700 1536 738; x_wconf 82' lang='lat' dir='ltr'>clarior</span> 
     </span>
     <span class='ocr_line' id='line_1_44' title="bbox 987 758 1588 805; baseline -0.005 -9"><span class='ocrx_word' id='word_1_133' title='bbox 987 759 1122 797; x_wconf 89' lang='lat' dir='ltr'>Coram</span> <span class='ocrx_word' id='word_1_134' title='bbox 1153 758 1341 795; x_wconf 86' lang='lat' dir='ltr'>manendo</span> <span class='ocrx_word' id='word_1_135' title='bbox 1371 758 1588 805; x_wconf 89' lang='lat' dir='ltr'>plurimum,</span> 
     </span>
     <span class='ocr_line' id='line_1_45' title="bbox 987 814 1619 861; baseline -0.003 -9"><span class='ocrx_word' id='word_1_136' title='bbox 987 816 1090 861; x_wconf 80' lang='lat' dir='ltr'>Quae</span> <span class='ocrx_word' id='word_1_137' title='bbox 1121 814 1249 861; x_wconf 84' lang='lat' dir='ltr'>palma</span> <span class='ocrx_word' id='word_1_138' title='bbox 1281 815 1339 852; x_wconf 94' lang='lat' dir='ltr'>vel</span> <span class='ocrx_word' id='word_1_139' title='bbox 1371 825 1467 861; x_wconf 83' lang='lat' dir='ltr'>quae</span> <span class='ocrx_word' id='word_1_140' title='bbox 1498 815 1619 861; x_wconf 87' lang='lat' dir='ltr'>gloria</span> 
     </span>
     <span class='ocr_line' id='line_1_46' title="bbox 988 871 1551 921; baseline -0.005 -11"><span class='ocrx_word' id='word_1_141' title='bbox 988 872 1148 910; x_wconf 89' lang='lat' dir='ltr'>Crucem</span> <span class='ocrx_word' id='word_1_142' title='bbox 1180 876 1369 921; x_wconf 89' lang='lat' dir='ltr'>sequatur,</span> <span class='ocrx_word' id='word_1_143' title='bbox 1404 871 1551 908; x_wconf 85' lang='lat' dir='ltr'>edocet.</span> 
     </span>
    </p>
   </div>
   <div class='ocr_carea' id='block_1_21' title="bbox 984 962 1527 1180">
    <p class='ocr_par' dir='ltr' id='par_1_24' title="bbox 984 962 1527 1180">
     <span class='ocr_line' id='line_1_47' title="bbox 984 962 1527 1009; baseline 0 -10"><span class='ocrx_word' id='word_1_144' title='bbox 984 962 1081 1009; x_wconf 76' lang='lat' dir='ltr'>Quin</span> <span class='ocrx_word' id='word_1_145' title='bbox 1112 962 1162 1000; x_wconf 86' lang='lat' dir='ltr'>ad</span> <span class='ocrx_word' id='word_1_146' title='bbox 1194 962 1272 1009; x_wconf 91' lang='lat' dir='ltr'>poli</span> <span class='ocrx_word' id='word_1_147' title='bbox 1302 973 1389 999; x_wconf 89' lang='lat' dir='ltr'>mox</span> <span class='ocrx_word' id='word_1_148' title='bbox 1422 963 1527 1000; x_wconf 80' lang='lat' dir='ltr'>edita</span> 
     </span>
     <span class='ocr_line' id='line_1_48' title="bbox 984 1019 1484 1066; baseline -0.004 -9"><span class='ocrx_word' id='word_1_149' title='bbox 984 1020 1175 1057; x_wconf 86' lang='lat' dir='ltr'>Reversus</span> <span class='ocrx_word' id='word_1_150' title='bbox 1207 1019 1275 1056; x_wconf 89' lang='lat' dir='ltr'>alti</span> <span class='ocrx_word' id='word_1_151' title='bbox 1306 1019 1484 1066; x_wconf 87' lang='lat' dir='ltr'>spiritum</span> 
     </span>
     <span class='ocr_line' id='line_1_49' title="bbox 986 1074 1464 1122; baseline 0 -9"><span class='ocrx_word' id='word_1_152' title='bbox 986 1076 1119 1113; x_wconf 87' lang='lat' dir='ltr'>Secum</span> <span class='ocrx_word' id='word_1_153' title='bbox 1151 1074 1269 1113; x_wconf 84' lang='lat' dir='ltr'>refert</span> <span class='ocrx_word' id='word_1_154' title='bbox 1300 1077 1464 1122; x_wconf 84' lang='lat' dir='ltr'>apostoli</span> 
     </span>
     <span class='ocr_line' id='line_1_50' title="bbox 986 1133 1520 1180; baseline 0.002 -10"><span class='ocrx_word' id='word_1_155' title='bbox 986 1133 1108 1171; x_wconf 91' lang='lat' dir='ltr'>Nodis</span> <span class='ocrx_word' id='word_1_156' title='bbox 1140 1133 1304 1170; x_wconf 88' lang='lat' dir='ltr'>solutum</span> <span class='ocrx_word' id='word_1_157' title='bbox 1337 1133 1520 1180; x_wconf 88' lang='lat' dir='ltr'>corporis.</span> 
     </span>
    </p>
   </div>
   <div class='ocr_carea' id='block_1_22' title="bbox 983 1223 1615 1442">
    <p class='ocr_par' dir='ltr' id='par_1_25' title="bbox 983 1223 1493 1272">
     <span class='ocr_line' id='line_1_51' title="bbox 983 1223 1493 1272; baseline 0 -11"><span class='ocrx_word' id='word_1_158' title='bbox 983 1225 1064 1272; x_wconf 78' lang='lat' dir='ltr'>Qua</span> <span class='ocrx_word' id='word_1_159' title='bbox 1095 1235 1178 1260; x_wconf 88' lang='lat' dir='ltr'>cum</span> <span class='ocrx_word' id='word_1_160' title='bbox 1209 1224 1283 1261; x_wconf 86' lang='lat' dir='ltr'>tuis</span> <span class='ocrx_word' id='word_1_161' title='bbox 1315 1223 1493 1261; x_wconf 88' lang='lat' dir='ltr'>fidelibus</span> 
     </span>
    </p>

    <p class='ocr_par' dir='ltr' id='par_1_26' title="bbox 985 1281 1615 1442">
     <span class='ocr_line' id='line_1_52' title="bbox 986 1281 1490 1328; baseline -0.002 -9"><span class='ocrx_word' id='word_1_162' title='bbox 986 1283 1075 1319; x_wconf 87' lang='lat' dir='ltr'>Iesu</span> <span class='ocrx_word' id='word_1_163' title='bbox 1105 1281 1289 1328; x_wconf 90' lang='lat' dir='ltr'>triumphi</span> <span class='ocrx_word' id='word_1_164' title='bbox 1321 1281 1490 1318; x_wconf 87' lang='lat' dir='ltr'>carmina</span> 
     </span>
     <span class='ocr_line' id='line_1_53' title="bbox 985 1338 1453 1375; baseline -0.002 0"><span class='ocrx_word' id='word_1_165' title='bbox 985 1339 1118 1375; x_wconf 88' lang='lat' dir='ltr'>Victor</span> <span class='ocrx_word' id='word_1_166' title='bbox 1147 1338 1279 1375; x_wconf 88' lang='lat' dir='ltr'>beatus</span> <span class='ocrx_word' id='word_1_167' title='bbox 1311 1338 1453 1375; x_wconf 85' lang='lat' dir='ltr'>saeculi</span> 
     </span>
     <span class='ocr_line' id='line_1_54' title="bbox 986 1395 1615 1442; baseline 0.002 -9"><span class='ocrx_word' id='word_1_168' title='bbox 986 1395 1165 1433; x_wconf 80' lang='lat' dir='ltr'>Gaudens</span> <span class='ocrx_word' id='word_1_169' title='bbox 1197 1395 1234 1432; x_wconf 91' lang='lat' dir='ltr'>in</span> <span class='ocrx_word' id='word_1_170' title='bbox 1266 1406 1398 1432; x_wconf 87' lang='lat' dir='ltr'>aevum</span> <span class='ocrx_word' id='word_1_171' title='bbox 1422 1401 1615 1442; x_wconf 84' lang='lat' dir='ltr'>personat.</span> 
     </span>
    </p>
   </div>
   <div class='ocr_carea' id='block_1_23' title="bbox 982 1485 1614 1705">
    <p class='ocr_par' dir='ltr' id='par_1_27' title="bbox 982 1485 1515 1581">
     <span class='ocr_line' id='line_1_55' title="bbox 982 1485 1515 1533; baseline 0 -10"><span class='ocrx_word' id='word_1_172' title='bbox 982 1487 1062 1532; x_wconf 79' lang='lat' dir='ltr'>Qua</span> <span class='ocrx_word' id='word_1_173' title='bbox 1093 1485 1202 1523; x_wconf 90' lang='lat' dir='ltr'>nobis</span> <span class='ocrx_word' id='word_1_174' title='bbox 1232 1486 1333 1522; x_wconf 88' lang='lat' dir='ltr'>inter</span> <span class='ocrx_word' id='word_1_175' title='bbox 1364 1486 1515 1533; x_wconf 83' lang='lat' dir='ltr'>agmina</span> 
     </span>
     <span class='ocr_line' id='line_1_56' title="bbox 984 1541 1366 1581; baseline -0.005 0"><span class='ocrx_word' id='word_1_176' title='bbox 984 1543 1208 1581; x_wconf 86' lang='lat' dir='ltr'>Sublimium</span> <span class='ocrx_word' id='word_1_177' title='bbox 1238 1541 1366 1580; x_wconf 87' lang='lat' dir='ltr'>felicia</span> 
     </span>
    </p>

    <p class='ocr_par' dir='ltr' id='par_1_28' title="bbox 982 1599 1614 1705">
     <span class='ocr_line' id='line_1_57' title="bbox 982 1599 1614 1651; baseline -0.003 -13"><span class='ocrx_word' id='word_1_178' title='bbox 982 1600 1053 1651; x_wconf 85' lang='lat' dir='ltr'>Da,</span> <span class='ocrx_word' id='word_1_179' title='bbox 1088 1599 1252 1645; x_wconf 85' lang='lat' dir='ltr'>Christe,</span> <span class='ocrx_word' id='word_1_180' title='bbox 1284 1604 1423 1637; x_wconf 87' lang='lat' dir='ltr'>sortem</span> <span class='ocrx_word' id='word_1_181' title='bbox 1445 1600 1614 1646; x_wconf 86' lang='lat' dir='ltr'>parvulis</span> 
     </span>
     <span class='ocr_line' id='line_1_58' title="bbox 985 1656 1524 1705; baseline -0.002 -11"><span class='ocrx_word' id='word_1_182' title='bbox 985 1657 1157 1705; x_wconf 81' lang='lat' dir='ltr'>Hymnos</span> <span class='ocrx_word' id='word_1_183' title='bbox 1188 1656 1258 1693; x_wconf 92' lang='lat' dir='ltr'>tibi</span> <span class='ocrx_word' id='word_1_184' title='bbox 1290 1656 1524 1694; x_wconf 83' lang='lat' dir='ltr'>canentibus.</span> 
     </span>
    </p>
   </div>
   <div class='ocr_carea' id='block_1_24' title="bbox 46 1755 1617 1891">
    <p class='ocr_par' dir='ltr' id='par_1_29' title="bbox 46 1755 1617 1891">
     <span class='ocr_line' id='line_1_59' title="bbox 144 1755 1617 1800; baseline -0.001 -10"><span class='ocrx_word' id='word_1_185' title='bbox 144 1758 341 1791; x_wconf 81' lang='lat' dir='ltr'>Cassander</span> <span class='ocrx_word' id='word_1_186' title='bbox 368 1759 390 1789; x_wconf 94' lang='lat' dir='ltr'>l.</span> <span class='ocrx_word' id='word_1_187' title='bbox 417 1769 444 1789; x_wconf 86' lang='lat' dir='ltr'>c.</span> <span class='ocrx_word' id='word_1_188' title='bbox 471 1768 502 1799; x_wconf 94' lang='lat' dir='ltr'>p.</span> <span class='ocrx_word' id='word_1_189' title='bbox 530 1755 596 1789; x_wconf 80' lang='lat'>310</span> <span class='ocrx_word' id='word_1_190' title='bbox 619 1768 692 1800; x_wconf 86' lang='lat' dir='ltr'>sqq.</span> <span class='ocrx_word' id='word_1_191' title='bbox 718 1774 761 1778; x_wconf 96' lang='lat'><strong>—</strong></span> <span class='ocrx_word' id='word_1_192' title='bbox 788 1756 840 1795; x_wconf 79' lang='lat'>15,</span> <span class='ocrx_word' id='word_1_193' title='bbox 866 1755 886 1789; x_wconf 83' lang='grc'>2</span> <span class='ocrx_word' id='word_1_194' title='bbox 912 1759 1047 1789; x_wconf 87' lang='lat' dir='ltr'>Horum</span> <span class='ocrx_word' id='word_1_195' title='bbox 1080 1757 1268 1797; x_wconf 78' lang='lat' dir='ltr'>manendo3</span> <span class='ocrx_word' id='word_1_196' title='bbox 1302 1756 1391 1788; x_wconf 87' lang='lat' dir='ltr'>dazu</span> <span class='ocrx_word' id='word_1_197' title='bbox 1416 1767 1471 1788; x_wconf 85' lang='lat' dir='ltr'>am</span> <span class='ocrx_word' id='word_1_198' title='bbox 1497 1757 1617 1789; x_wconf 82' lang='lat' dir='ltr'>Raude</span> 
     </span>
     <span class='ocr_line' id='line_1_60' title="bbox 46 1800 1615 1846; baseline -0.001 -10"><span class='ocrx_word' id='word_1_199' title='bbox 46 1803 102 1836; x_wconf 88' lang='lat' dir='ltr'>die</span> <span class='ocrx_word' id='word_1_200' title='bbox 129 1804 370 1846; x_wconf 85' lang='lat' dir='ltr'>Bemerkung:</span> <span class='ocrx_word' id='word_1_201' title='bbox 400 1804 603 1846; x_wconf 82' lang='lat' dir='ltr'>Legendum</span> <span class='ocrx_word' id='word_1_202' title='bbox 636 1803 775 1835; x_wconf 89' lang='lat' dir='ltr'>videtur</span> <span class='ocrx_word' id='word_1_203' title='bbox 809 1803 956 1845; x_wconf 83' lang='lat' dir='ltr'>„Coram</span> <span class='ocrx_word' id='word_1_204' title='bbox 985 1803 1154 1835; x_wconf 83' lang='lat' dir='ltr'>manendo</span> <span class='ocrx_word' id='word_1_205' title='bbox 1181 1800 1390 1845; x_wconf 65' lang='grc' dir='ltr'>ρΙιιΓίιῐηιηιιι</span> <span class='ocrx_word' id='word_1_206' title='bbox 1418 1803 1473 1835; x_wconf 92' lang='lat' dir='ltr'>vel</span> <span class='ocrx_word' id='word_1_207' title='bbox 1502 1804 1615 1845; x_wconf 80' lang='lat' dir='ltr'>„Huic</span> 
     </span>
     <span class='ocr_line' id='line_1_61' title="bbox 47 1847 517 1891; baseline -0.002 -10"><span class='ocrx_word' id='word_1_208' title='bbox 47 1849 267 1882; x_wconf 86' lang='lat' dir='ltr'>immanendo</span> <span class='ocrx_word' id='word_1_209' title='bbox 294 1847 517 1891; x_wconf 77' lang='lat' dir='ltr'>plui-iinum“.</span> 
     </span>
    </p>
   </div>
   <div class='ocr_carea' id='block_1_25' title="bbox 432 1982 1235 2025">
    <p class='ocr_par' dir='ltr' id='par_1_30' title="bbox 432 1982 1235 2025">
     <span class='ocr_line' id='line_1_62' title="bbox 432 1982 1235 2025; baseline -0.001 -7"><span class='ocrx_word' id='word_1_210' title='bbox 432 1983 492 2019; x_wconf 80' lang='grc'>91.</span> <span class='ocrx_word' id='word_1_211' title='bbox 527 1983 608 2025; x_wconf 81' lang='lat'>(13.)</span> <span class='ocrx_word' id='word_1_212' title='bbox 643 1983 689 2017; x_wconf 87' lang='lat' dir='ltr'>In</span> <span class='ocrx_word' id='word_1_213' title='bbox 716 1983 1032 2018; x_wconf 85' lang='lat' dir='ltr'>Resurrectione</span> <span class='ocrx_word' id='word_1_214' title='bbox 1058 1982 1235 2018; x_wconf 87' lang='lat' dir='ltr'>Domini.</span> 
     </span>
    </p>
   </div>
   <div class='ocr_carea' id='block_1_26' title="bbox 908 2077 1518 2286">
    <p class='ocr_par' dir='ltr' id='par_1_31' title="bbox 908 2077 1518 2286">
     <span class='ocr_line' id='line_1_63' title="bbox 908 2077 1518 2125; baseline -0.002 -10"><span class='ocrx_word' id='word_1_215' title='bbox 908 2081 944 2116; x_wconf 84' lang='lat'>4.</span> <span class='ocrx_word' id='word_1_216' title='bbox 978 2078 1084 2115; x_wconf 86' lang='lat' dir='ltr'>Mors</span> <span class='ocrx_word' id='word_1_217' title='bbox 1114 2078 1194 2123; x_wconf 80' lang='lat' dir='ltr'>illa,</span> <span class='ocrx_word' id='word_1_218' title='bbox 1227 2078 1359 2115; x_wconf 88' lang='lat' dir='ltr'>mortis</span> <span class='ocrx_word' id='word_1_219' title='bbox 1390 2077 1518 2125; x_wconf 85' lang='lat' dir='ltr'>passio</span> 
     </span>
     <span class='ocr_line' id='line_1_64' title="bbox 977 2134 1465 2181; baseline -0.002 -9"><span class='ocrx_word' id='word_1_220' title='bbox 977 2135 1048 2172; x_wconf 85' lang='lat' dir='ltr'>Est</span> <span class='ocrx_word' id='word_1_221' title='bbox 1079 2135 1247 2172; x_wconf 88' lang='lat' dir='ltr'>criminis</span> <span class='ocrx_word' id='word_1_222' title='bbox 1279 2134 1465 2181; x_wconf 78' lang='lat' dir='ltr'>remissio,</span> 
     </span>
     <span class='ocr_line' id='line_1_65' title="bbox 978 2192 1508 2242; baseline -0.002 -14"><span class='ocrx_word' id='word_1_223' title='bbox 978 2192 1116 2229; x_wconf 89' lang='lat' dir='ltr'>Illaesa</span> <span class='ocrx_word' id='word_1_224' title='bbox 1147 2192 1266 2229; x_wconf 91' lang='lat' dir='ltr'>virtus</span> <span class='ocrx_word' id='word_1_225' title='bbox 1299 2195 1508 2242; x_wconf 89' lang='lat' dir='ltr'>permanet,</span> 
     </span>
     <span class='ocr_line' id='line_1_66' title="bbox 979 2248 1490 2286; baseline 0.004 -2"><span class='ocrx_word' id='word_1_226' title='bbox 979 2249 1108 2286; x_wconf 84' lang='lat' dir='ltr'>Victus</span> <span class='ocrx_word' id='word_1_227' title='bbox 1141 2248 1246 2286; x_wconf 91' lang='lat' dir='ltr'>dedit</span> <span class='ocrx_word' id='word_1_228' title='bbox 1278 2248 1490 2286; x_wconf 88' lang='lat' dir='ltr'>victoriam.</span> 
     </span>
    </p>
   </div>
   <div class='ocr_carea' id='block_1_27' title="bbox 92 2077 793 2287">
    <p class='ocr_par' dir='ltr' id='par_1_32' title="bbox 92 2077 793 2287">
     <span class='ocr_line' id='line_1_67' title="bbox 92 2077 736 2125; baseline -0.002 -10"><span class='ocrx_word' id='word_1_229' title='bbox 92 2078 128 2117; x_wconf 90' lang='lat'>1.</span> <span class='ocrx_word' id='word_1_230' title='bbox 160 2077 335 2125; x_wconf 82' lang='lat' dir='ltr'>Laetare,</span> <span class='ocrx_word' id='word_1_231' title='bbox 369 2078 526 2123; x_wconf 79' lang='lat' dir='ltr'>caelum,</span> <span class='ocrx_word' id='word_1_232' title='bbox 560 2079 736 2125; x_wconf 83' lang='lat' dir='ltr'>desuper,</span> 
     </span>
     <span class='ocr_line' id='line_1_68' title="bbox 161 2135 746 2185; baseline 0.002 -14"><span class='ocrx_word' id='word_1_233' title='bbox 161 2135 381 2184; x_wconf 85' lang='lat' dir='ltr'>Adplaude,</span> <span class='ocrx_word' id='word_1_234' title='bbox 413 2135 526 2172; x_wconf 89' lang='lat' dir='ltr'>tellus</span> <span class='ocrx_word' id='word_1_235' title='bbox 557 2146 602 2172; x_wconf 90' lang='lat' dir='ltr'>ac</span> <span class='ocrx_word' id='word_1_236' title='bbox 631 2146 746 2185; x_wconf 87' lang='lat' dir='ltr'>mare,</span> 
     </span>
     <span class='ocr_line' id='line_1_69' title="bbox 161 2191 793 2240; baseline -0.002 -11"><span class='ocrx_word' id='word_1_237' title='bbox 161 2191 793 2240; x_wconf 85' lang='lat' dir='ltr'>Christusresurgenspostcrucem</span> 
     </span>
     <span class='ocr_line' id='line_1_70' title="bbox 160 2248 695 2287; baseline 0.002 -1"><span class='ocrx_word' id='word_1_238' title='bbox 160 2248 288 2287; x_wconf 86' lang='lat' dir='ltr'>Vitam</span> <span class='ocrx_word' id='word_1_239' title='bbox 321 2249 426 2286; x_wconf 88' lang='lat' dir='ltr'>dedit</span> <span class='ocrx_word' id='word_1_240' title='bbox 458 2249 695 2287; x_wconf 88' lang='lat' dir='ltr'>mortalibus.</span> 
     </span>
    </p>
   </div>
   <div class='ocr_carea' id='block_1_28' title="bbox 981 2350 1612 2569">
    <p class='ocr_par' dir='ltr' id='par_1_33' title="bbox 981 2350 1612 2569">
     <span class='ocr_line' id='line_1_71' title="bbox 982 2350 1509 2388; baseline -0.004 0"><span class='ocrx_word' id='word_1_241' title='bbox 982 2351 1147 2388; x_wconf 89' lang='lat' dir='ltr'>Miretur</span> <span class='ocrx_word' id='word_1_242' title='bbox 1177 2361 1287 2388; x_wconf 90' lang='lat' dir='ltr'>omne</span> <span class='ocrx_word' id='word_1_243' title='bbox 1318 2350 1509 2388; x_wconf 86' lang='lat' dir='ltr'>saeculum</span> 
     </span>
     <span class='ocr_line' id='line_1_72' title="bbox 982 2407 1612 2455; baseline -0.002 -11"><span class='ocrx_word' id='word_1_244' title='bbox 982 2407 1114 2445; x_wconf 91' lang='lat' dir='ltr'>Crucis</span> <span class='ocrx_word' id='word_1_245' title='bbox 1156 2407 1388 2455; x_wconf 90' lang='lat' dir='ltr'>triumphum</span> <span class='ocrx_word' id='word_1_246' title='bbox 1417 2407 1612 2454; x_wconf 73' lang='lat' dir='ltr'>mysticae,</span> 
     </span>
     <span class='ocr_line' id='line_1_73' title="bbox 981 2464 1504 2512; baseline -0.004 -10"><span class='ocrx_word' id='word_1_247' title='bbox 981 2465 1088 2502; x_wconf 87' lang='lat' dir='ltr'>Haec</span> <span class='ocrx_word' id='word_1_248' title='bbox 1118 2465 1226 2512; x_wconf 87' lang='lat' dir='ltr'>signa</span> <span class='ocrx_word' id='word_1_249' title='bbox 1259 2464 1504 2511; x_wconf 83' lang='lat' dir='ltr'>congruentia</span> 
     </span>
     <span class='ocr_line' id='line_1_74' title="bbox 981 2522 1612 2569; baseline 0 -10"><span class='ocrx_word' id='word_1_250' title='bbox 981 2522 1095 2560; x_wconf 86' lang='lat' dir='ltr'>Velut</span> <span class='ocrx_word' id='word_1_251' title='bbox 1115 2526 1312 2569; x_wconf 88' lang='lat' dir='ltr'>tropaeum</span> <span class='ocrx_word' id='word_1_252' title='bbox 1334 2525 1487 2568; x_wconf 87' lang='lat' dir='ltr'>praesto</span> <span class='ocrx_word' id='word_1_253' title='bbox 1512 2525 1612 2560; x_wconf 86' lang='lat' dir='ltr'>sunt.</span> 
     </span>
    </p>
   </div>
   <div class='ocr_carea' id='block_1_29' title="bbox 91 2351 948 2568">
    <p class='ocr_par' dir='ltr' id='par_1_34' title="bbox 91 2351 948 2568">
     <span class='ocr_line' id='line_1_75' title="bbox 91 2351 948 2400; baseline 0.001 -12"><span class='ocrx_word' id='word_1_254' title='bbox 91 2352 129 2388; x_wconf 90' lang='lat'>2.</span> <span class='ocrx_word' id='word_1_255' title='bbox 163 2351 242 2387; x_wconf 86' lang='lat' dir='ltr'>Iam</span> <span class='ocrx_word' id='word_1_256' title='bbox 275 2355 424 2397; x_wconf 88' lang='lat' dir='ltr'>tempus</span> <span class='ocrx_word' id='word_1_257' title='bbox 455 2355 652 2397; x_wconf 87' lang='lat' dir='ltr'>acceptum</span> <span class='ocrx_word' id='word_1_258' title='bbox 680 2351 794 2400; x_wconf 68' lang='lat' dir='ltr'>redit,</span> <span class='ocrx_word' id='word_1_259' title='bbox 912 2354 948 2389; x_wconf 82' lang='lat'>5.</span> 
     </span>
     <span class='ocr_line' id='line_1_76' title="bbox 161 2407 629 2456; baseline 0 -12"><span class='ocrx_word' id='word_1_260' title='bbox 161 2407 253 2444; x_wconf 91' lang='lat' dir='ltr'>Dies</span> <span class='ocrx_word' id='word_1_261' title='bbox 285 2407 418 2444; x_wconf 87' lang='lat' dir='ltr'>salutis</span> <span class='ocrx_word' id='word_1_262' title='bbox 450 2408 629 2456; x_wconf 88' lang='lat' dir='ltr'>cernitur,</span> 
     </span>
     <span class='ocr_line' id='line_1_77' title="bbox 162 2464 767 2512; baseline 0.002 -12"><span class='ocrx_word' id='word_1_263' title='bbox 162 2464 243 2510; x_wconf 79' lang='lat' dir='ltr'>Quo</span> <span class='ocrx_word' id='word_1_264' title='bbox 273 2465 435 2501; x_wconf 91' lang='lat' dir='ltr'>mundus</span> <span class='ocrx_word' id='word_1_265' title='bbox 467 2465 552 2512; x_wconf 86' lang='lat' dir='ltr'>agni</span> <span class='ocrx_word' id='word_1_266' title='bbox 586 2465 767 2512; x_wconf 82' lang='lat' dir='ltr'>sanguine</span> 
     </span>
     <span class='ocr_line' id='line_1_78' title="bbox 161 2519 618 2568; baseline 0.004 -11"><span class='ocrx_word' id='word_1_267' title='bbox 161 2519 328 2558; x_wconf 88' lang='lat' dir='ltr'>Refulsit</span> <span class='ocrx_word' id='word_1_268' title='bbox 357 2533 379 2558; x_wconf 82' lang='lat' dir='ltr'>a</span> <span class='ocrx_word' id='word_1_269' title='bbox 408 2521 618 2568; x_wconf 87' lang='lat' dir='ltr'>nigredine.</span> 
     </span>
    </p>
   </div>
   <div class='ocr_carea' id='block_1_30' title="bbox 978 2622 1610 2726">
    <p class='ocr_par' dir='ltr' id='par_1_35' title="bbox 978 2622 1610 2726">
     <span class='ocr_line' id='line_1_79' title="bbox 979 2622 1610 2671; baseline -0.006 -10"><span class='ocrx_word' id='word_1_270' title='bbox 979 2623 1044 2661; x_wconf 88' lang='lat' dir='ltr'>Sol</span> <span class='ocrx_word' id='word_1_271' title='bbox 1056 2633 1231 2671; x_wconf 89' lang='lat' dir='ltr'>namque,</span> <span class='ocrx_word' id='word_1_272' title='bbox 1249 2633 1424 2670; x_wconf 88' lang='lat' dir='ltr'>magnum</span> <span class='ocrx_word' id='word_1_273' title='bbox 1436 2622 1610 2668; x_wconf 86' lang='lat' dir='ltr'>luminar,</span> 
     </span>
     <span class='ocr_line' id='line_1_80' title="bbox 978 2681 1528 2726; baseline -0.005 -8"><span class='ocrx_word' id='word_1_274' title='bbox 978 2681 1104 2718; x_wconf 88' lang='lat' dir='ltr'>Horas</span> <span class='ocrx_word' id='word_1_275' title='bbox 1137 2681 1284 2717; x_wconf 88' lang='lat' dir='ltr'>dierum</span> <span class='ocrx_word' id='word_1_276' title='bbox 1315 2689 1528 2726; x_wconf 81' lang='lat' dir='ltr'>permeanS,</span> 
     </span>
    </p>
   </div>
   <div class='ocr_carea' id='block_1_31' title="bbox 91 2622 1503 2895">
    <p class='ocr_par' dir='ltr' id='par_1_36' title="bbox 91 2622 1503 2895">
     <span class='ocr_line' id='line_1_81' title="bbox 91 2622 946 2670; baseline 0.005 -11"><span class='ocrx_word' id='word_1_277' title='bbox 91 2623 128 2660; x_wconf 88' lang='lat'>3.</span> <span class='ocrx_word' id='word_1_278' title='bbox 163 2622 265 2660; x_wconf 89' lang='lat' dir='ltr'>Crux</span> <span class='ocrx_word' id='word_1_279' title='bbox 298 2633 460 2670; x_wconf 85' lang='lat' dir='ltr'>namque</span> <span class='ocrx_word' id='word_1_280' title='bbox 491 2623 747 2660; x_wconf 85' lang='lat' dir='ltr'>sacratissima</span> <span class='ocrx_word' id='word_1_281' title='bbox 909 2625 946 2663; x_wconf 87' lang='grc'>6.</span> 
     </span>
     <span class='ocr_line' id='line_1_82' title="bbox 161 2679 629 2727; baseline 0.002 -12"><span class='ocrx_word' id='word_1_282' title='bbox 161 2679 273 2726; x_wconf 86' lang='lat' dir='ltr'>Ligni</span> <span class='ocrx_word' id='word_1_283' title='bbox 303 2679 444 2727; x_wconf 88' lang='lat' dir='ltr'>prioris</span> <span class='ocrx_word' id='word_1_284' title='bbox 471 2680 629 2717; x_wconf 90' lang='lat' dir='ltr'>vulnera</span> 
     </span>
     <span class='ocr_line' id='line_1_83' title="bbox 161 2736 1411 2788; baseline 0 -16"><span class='ocrx_word' id='word_1_285' title='bbox 161 2736 205 2772; x_wconf 92' lang='lat' dir='ltr'>In</span> <span class='ocrx_word' id='word_1_286' title='bbox 236 2740 346 2782; x_wconf 85' lang='lat' dir='ltr'>patre</span> <span class='ocrx_word' id='word_1_287' title='bbox 376 2736 499 2788; x_wconf 83' lang='lat' dir='ltr'>nostri</span> <span class='ocrx_word' id='word_1_288' title='bbox 530 2737 683 2773; x_wconf 89' lang='lat' dir='ltr'>seminis</span> <span class='ocrx_word' id='word_1_289' title='bbox 982 2737 1073 2774; x_wconf 88' lang='lat' dir='ltr'>Viso</span> <span class='ocrx_word' id='word_1_290' title='bbox 1102 2748 1199 2774; x_wconf 90' lang='lat' dir='ltr'>novo</span> <span class='ocrx_word' id='word_1_291' title='bbox 1231 2736 1411 2783; x_wconf 85' lang='lat' dir='ltr'>mysterio</span> 
     </span>
     <span class='ocr_line' id='line_1_84' title="bbox 161 2791 1503 2841; baseline 0.001 -12"><span class='ocrx_word' id='word_1_292' title='bbox 161 2791 317 2830; x_wconf 86' lang='lat' dir='ltr'>Sanavit</span> <span class='ocrx_word' id='word_1_293' title='bbox 347 2792 492 2829; x_wconf 90' lang='lat' dir='ltr'>hostem</span> <span class='ocrx_word' id='word_1_294' title='bbox 524 2793 711 2831; x_wconf 86' lang='lat' dir='ltr'>saucians.</span> <span class='ocrx_word' id='word_1_295' title='bbox 979 2793 1141 2841; x_wconf 90' lang='lat' dir='ltr'>Decepit</span> <span class='ocrx_word' id='word_1_296' title='bbox 1171 2793 1301 2831; x_wconf 87' lang='lat' dir='ltr'>orbem</span> <span class='ocrx_word' id='word_1_297' title='bbox 1333 2792 1503 2830; x_wconf 81' lang='lat' dir='ltr'>territuS.</span> 
     </span>
     <span class='ocr_line' id='line_1_85' title="bbox 112 2856 1409 2895; baseline 0.002 -9"><span class='ocrx_word' id='word_1_298' title='bbox 112 2859 276 2894; x_wconf 81' lang='lat' dir='ltr'>Dreves,</span> <span class='ocrx_word' id='word_1_299' title='bbox 302 2860 508 2888; x_wconf 81' lang='lat' dir='ltr'>Lateinische</span> <span class='ocrx_word' id='word_1_300' title='bbox 528 2861 796 2895; x_wconf 81' lang='lat' dir='ltr'>Hymendichter.</span> <span class='ocrx_word' id='word_1_301' title='bbox 834 2861 891 2890; x_wconf 85' lang='lat' dir='ltr'>IX.</span> <span class='ocrx_word' id='word_1_302' title='bbox 1389 2856 1409 2889; x_wconf 76' lang='grc'>8</span> 
     </span>
    </p>
   </div>
  </div>
 </body>
</html>
