1785 3111
799 59 1077 98 -52-

330 173 591 219 Laetitiaeque
621 183 726 209 meae
760 173 882 219 primo
913 173 1135 211 reminiscar
1165 173 1204 210 in
1234 184 1345 220 annO,

330 231 384 267 Te
415 230 573 278 cunctis,
606 230 860 275 Hierusalem,
893 241 1128 276 praeponere
1159 231 1285 269 terris,

328 288 423 325 Esto
454 297 595 323 memor
626 291 704 322 tum
735 286 854 332 prolis
888 286 1025 331 Edom,
1057 291 1099 323 ut
1130 298 1238 324 versa
1268 288 1351 324 vice
1382 291 1551 325 nostrum

245 346 298 383 40
331 344 506 390 Aspiciat
539 341 695 380 confusa
728 343 840 389 diem,
870 354 942 389 quo
973 343 1082 389 plebs
1113 348 1176 381 tua
1209 345 1350 381 claram

329 400 530 438 Moenibus
560 400 726 437 aeternis
753 400 993 436 Hierusalem
1024 400 1226 445 habitabit,

330 457 399 495 Cui
429 467 528 493 nunc
559 467 650 503 gens
680 456 801 493 oblita
832 457 886 493 tui
917 457 1072 493 crudele
1103 457 1268 494 minatur

326 513 530 551 Excidium
561 513 711 550 dicens:
744 513 905 550 invisam
936 512 1108 550 funditus
1138 514 1271 550 urbem

328 570 478 608 Diruite
508 574 547 607 et
578 574 736 608 vacuate
767 581 892 614 manu,
926 570 1086 617 vestigia
1121 571 1241 607 donec

244 630 295 666 45
329 627 445 664 Nulla
477 627 741 673 relinquantur
771 627 888 664 muris
918 628 968 664 ad
999 628 1112 664 inane
1143 628 1323 665 redactis.

326 682 467 721 Infelix
499 684 659 720 miserae
690 683 899 731 Babylonis
930 683 1022 727 filia,
1057 683 1159 733 felix,

327 741 398 786 Qui
429 740 497 776 tibi
531 751 600 786 pro
631 740 740 777 nobis
771 742 810 777 in
840 751 908 777 nos
939 746 1004 777 tua
1036 747 1142 787 gesta
1173 740 1368 789 rependet,

330 797 411 834 Nec
441 797 564 834 minus
595 797 660 833 ille
692 797 824 834 beatus
857 799 941 845 erit,
975 798 1038 844 qui
1069 809 1190 844 parva
1220 797 1363 834 tenebit

328 855 378 892 Et
410 855 521 890 simul
553 854 669 890 elidet
702 854 847 891 solidae
878 860 942 891 tua
973 854 1133 901 pignora
1164 859 1309 901 petrae.

246 913 297 950 50
331 911 370 948 Si
403 911 510 957 cupis
541 911 708 947 extincta
739 911 946 957 Babylonis
978 911 1097 958 stirpe
1130 911 1248 958 beari,

333 969 377 1005 In
408 972 445 1004 te
476 968 559 1014 ipso
590 968 724 1014 primis
756 968 954 1014 gliscentia
988 969 1146 1005 crimina
1177 967 1336 1005 flammis

329 1025 480 1071 Frange
510 1024 598 1064 fide.
632 1025 710 1061 Iam
743 1030 902 1071 propter
932 1025 1040 1062 adest
1071 1032 1179 1071 petra
1201 1025 1397 1071 Christusg
1428 1024 1467 1061 in
1498 1025 1582 1072 ipso

329 1083 531 1129 Vipeream
561 1082 730 1118 subolem
762 1082 899 1118 validis
931 1082 1030 1119 elide
1060 1082 1226 1121 lacertis

326 1139 426 1176 Nam
458 1138 630 1184 Babylon
661 1149 797 1175 nomen
829 1137 1012 1184 confusio,
1045 1138 1125 1176 filia
1157 1139 1261 1175 cuius

243 1198 293 1234 55
326 1196 398 1233 Est
430 1206 527 1244 caro,
562 1196 729 1243 peccatis
760 1200 893 1244 mater,
928 1206 1022 1242 quae
1053 1196 1165 1232 turba
1195 1195 1308 1233 saluti

325 1253 451 1290 Noxia
483 1253 676 1298 corporeis
708 1253 813 1289 ducit
841 1253 940 1289 mala
971 1253 1114 1289 semina
1144 1251 1264 1290 fibris.

326 1310 432 1347 Haec
464 1309 649 1346 vincenda
681 1309 763 1355 tibi,
797 1310 828 1345 si
861 1310 916 1346 vis
949 1309 1123 1346 evincere
1154 1314 1326 1347 mortem.

326 1367 498 1412 Namque
528 1367 602 1403 tuis
634 1367 729 1403 tales
760 1367 926 1403 inclusos
957 1366 1105 1403 ossibus
1136 1366 1277 1410 hostes,

326 1423 365 1460 Si
396 1423 667 1469 permittantur
698 1424 905 1460 crescendo
937 1434 1129 1459 assumere
1161 1423 1275 1469 vires,

242 1481 294 1518 60
326 1479 485 1517 Difficili
516 1480 645 1516 vinces
678 1480 903 1525 luctamine3
936 1481 1115 1526 praecipe
1146 1491 1298 1528 parvos,

326 1537 427 1575 Dum
458 1537 566 1573 rudis
599 1547 644 1573 ex
676 1542 785 1573 utero
814 1537 940 1573 cordis
972 1547 1041 1583 per
1072 1542 1228 1583 pectora
1260 1541 1372 1583 capta

325 1595 468 1640 Reptat
500 1594 626 1630 adhuc
656 1595 798 1630 teneris
830 1594 1006 1631 vitiorum
1037 1592 1199 1630 infantia
1229 1593 1429 1638 membris;

299 1653 426 1702 >Quae
457 1651 530 1687 nisi
561 1661 804 1697 praecaveas,
837 1656 948 1687 aucta
980 1651 1121 1687 virtute
1153 1651 1304 1686 necabit

325 1707 561 1746 Concordem
594 1707 696 1744 vitiis
728 1708 890 1744 animam
922 1712 1075 1744 terrena
1100 1718 1283 1754 propago.

241 1766 290 1802 65
326 1765 384 1801 Ne
417 1775 552 1811 parcas
584 1764 700 1810 igitur
731 1764 844 1800 talem
877 1769 1043 1801 mactare
1076 1770 1280 1802 catervam.

327 1821 410 1858 Non
443 1821 513 1857 tibi
545 1821 685 1857 crimen
719 1822 790 1857 erit
821 1822 1032 1858 nocituram
1065 1821 1226 1867 perdere
1258 1825 1407 1868 gentem

328 1879 587 1924 Ultricemque
618 1878 717 1914 malo
749 1877 979 1924 perfundere
1010 1878 1191 1925 sanguine
1222 1884 1392 1924 petram,

326 1935 475 1972 Gaudet
498 1936 597 1971 enim
628 1936 760 1978 iustus,
793 1935 824 1971 si
857 1935 1031 1971 concidat
1062 1935 1180 1981 impia
1210 1935 1350 1981 proles.

323 1991 422 2028 Nam
454 1992 572 2038 magis
603 1996 715 2038 atque
746 1992 864 2038 magis
896 1992 981 2038 pius
1012 1991 1086 2028 ista
1118 1991 1234 2028 caede
1265 1992 1405 2040 piatur,

241 2049 292 2086 70
327 2048 366 2085 Si
397 2049 562 2095 perimat
593 2053 749 2095 peccata
781 2049 858 2085 suis
889 2049 1122 2085 dominantia
1153 2048 1332 2085 membris

324 2105 373 2142 Et
408 2104 530 2142 fiacta
561 2106 599 2142 in
632 2105 784 2142 Christo
816 2105 992 2142 vitiorum
1024 2105 1136 2153 plebe
1167 2105 1388 2151 triumphet.

244 2183 332 2215 Cod.
351 2183 504 2214 Palisin.
532 2180 632 2215 2122.
650 2193 739 2214 saec.
765 2181 814 2215 10.
834 2184 873 2214 A
893 2201 935 2206 —
954 2183 1035 2215 Cod
1055 2184 1205 2215 Paxisin.
1221 2183 1279 2221 (ol.
1297 2179 1610 2220 Paredien..)2772
1628 2192 1719 2214 saec.

154 2227 239 2260 10111.
267 2230 307 2260 Β.
335 2246 378 2249 —
403 2227 424 2259 4
449 2230 569 2259 11151·.15
596 2246 640 2250 -
664 2227 684 2259 5
709 2230 864 2260 consista
888 2229 1108 2262 Α1511100115
1136 2230 1206 2260 ΑΒ.
1235 2248 1274 2252 -
1301 2227 1321 2260 6
1347 2228 1604 2270 p.raemebatB
1631 2245 1671 2249 —
1700 2225 1718 2258 7

150 2274 255 2306 urbes
288 2275 328 2305 A.
362 2290 404 2295 —
437 2271 458 2305 8
489 2274 597 2305 oblite
637 2275 674 2306 Β.
708 2291 752 2296 —-
785 2272 805 2305 9
833 2275 884 2305 De
916 2263 1042 2305 salium
1077 2276 1165 2305 rami
1198 2276 1234 2306 Β.
1269 2293 1314 2297 —
1350 2271 1390 2305 13
1423 2273 1541 2304 hostes
1576 2274 1648 2304 AB.
1675 2292 1718 2296 —-

154 2319 194 2351 17
227 2316 416 2361 ca[ne]mes
441 2319 571 2360 korrig.
606 2321 641 2350 in
667 2330 831 2351 canemus
856 2320 896 2351 B.
926 2338 964 2342 —
995 2318 1034 2351 18
1061 2321 1112 2351 De
1138 2330 1206 2359 quo
1232 2320 1271 2351 A.
1299 2339 1340 2342 —
1367 2316 1411 2350 20
1436 2319 1585 2359 hymnus
1610 2319 1649 2350 A.
1675 2335 1720 2339 —

150 2363 192 2397 21
220 2368 323 2396 canta
349 2365 434 2396 Sion
460 2366 497 2396 Β.
523 2382 567 2386 -
591 2363 635 2396 24
660 2366 796 2396 instans
822 2366 860 2396 B
886 2382 930 2386 —
957 2363 999 2396 28
1026 2366 1078 2396 bis
1104 2363 1144 2396 :31
1172 2376 1226 2397 am
1246 2365 1366 2397 Raude
1392 2365 1652 2406 nachgetragen
1676 2365 1717 2396 A.

151 2429 195 2432 —
221 2408 262 2441 31
289 2411 350 2451 qui
375 2414 478 2441 canta
505 2411 589 2442 Sion
608 2411 647 2441 Β.
673 2427 715 2431 —-
740 2408 784 2441 32
809 2411 904 2442 fuere
924 2411 960 2441 B.
986 2427 1030 2432 -·
1054 2408 1098 2441 39
1115 2411 1241 2449 Edam,
1267 2416 1305 2442 ut
1329 2420 1432 2442 versa.
1455 2411 1533 2441 vice
1558 2413 1717 2441 nastrum

151 2458 190 2488 B.
216 2473 260 2477 —-
283 2453 328 2486 40
353 2466 419 2497 que
446 2456 544 2490 plebs
564 2457 599 2486 Β.
627 2473 669 2477 -
694 2453 738 2487 43
764 2456 818 2486 1115
804 2466 877 2487 am
903 2458 966 2487 mit
990 2456 1314 2488 iiberschriebenem
1340 2467 1362 2487 11
1381 2457 1419 2486 Β.
1436 2472 1481 2476 -
1497 2453 1541 2485 47
1559 2455 1718 2496 rependit

152 2503 190 2533 B.
216 2518 260 2523 -
284 2499 328 2531 49
354 2469 467 2532 solida
492 2505 573 2532 etua
594 2503 650 2542 pi
642 2511 741 2532 Γ111011
766 2505 886 2542 patrae
914 2503 950 2533 Β.
978 2519 1016 2522 -
1043 2500 1086 2532 50
1111 2503 1285 2533 extinctae
1302 2501 1342 2532 A.
1367 2518 1402 2522 —
1436 2499 1477 2531 51
1504 2501 1606 2541 primi
1632 2500 1718 2542 glis—

150 2548 267 2579 centia
291 2547 443 2587 grimina
468 2547 505 2577 Β.
532 2563 574 2567 -
600 2545 643 2577 1)
669 2547 738 2577 iam
763 2546 849 2578 fehlt
866 2547 934 2578 AB.
964 2564 1002 2568 —-
1030 2545 1072 2577 55
1102 2551 1279 2588 materque
1297 2547 1336 2577 A.
1362 2563 1407 2567 —
1431 2543 1474 2576 56
1500 2546 1588 2577 febri
1609 2546 1648 2576 B.
1675 2562 1718 2567 —

150 2590 194 2624 58
218 2593 288 2624 tuis
314 2592 384 2623 tale
409 2591 614 2630 B;uit·1les
641 2592 679 2622 ³2.
706 2608 748 2611 —
775 2589 814 2622 61
843 2592 944 2623 rudes
970 2592 1047 2632 AB3
1081 2595 1222 2624 exutere
1248 2593 1284 2623 B.
1310 2608 1354 2613 ——
1380 2589 1424 2622 62
1449 2592 1561 2632 Repta
1586 2591 1632 2631 B;
1667 2592 1718 2622 in-

150 2638 266 2669 sancia
292 2637 443 2668 menbris
468 2637 507 2667 Β.
535 2654 572 2658 -
602 2634 645 2667 6-1
670 2640 747 2668 acta
767 2638 802 2667 13.
828 2654 871 2658 ——-
897 2635 941 2668 64
967 2617 1068 2668 viciis
1095 2638 1212 2668 anima
1237 2641 1408 2669 terrenam
1434 2637 1473 2667 Β.
1500 2653 1543 2658 --
1568 2634 1612 2667 66
1638 2637 1718 2668 Non

150 2684 282 2725 korrig.
314 2684 350 2713 111
382 2691 451 2713 nan
479 2683 523 2718 133
556 2683 732 2713 crimeuen
764 2684 854 2713 uerit
885 2684 1046 2714 nocitura
1078 2682 1204 2724 perdae
1229 2687 1405 2725 regentem
1432 2682 1470 2712 B.
1497 2699 1542 2704 —
1568 2679 1611 2713 67
1639 2692 1717 2723 pro-

150 2728 293 2760 fundere
328 2729 364 2759 Β.
407 2743 452 2748 -
494 2724 536 2759 68
578 2727 685 2768 prolis
719 2728 787 2758 AB.
814 2745 857 2748 —
899 2729 1051 2769 „Incipit
1082 2727 1124 2759 de
1161 2728 1307 2769 psalmis
1345 2727 1554 2769 quibusdam
1590 2736 1713 2759 versus

149 2774 314 2806 eiusdem.
334 2773 426 2804 Psal.
454 2774 662 2805 centesimus
680 2771 863 2804 XXXVU
884 2775 931 2812 A3
957 2774 1136 2814 Incipiunt
1159 2783 1281 2805 versus
1307 2774 1349 2805 de
1368 2772 1501 2815 psalmo
1521 2772 1714 2810 CXXXVI,

150 2819 185 2851 id
211 2823 263 2851 est
288 2819 329 2850 de
354 2819 557 2850 fluminibus
583 2818 774 2859 Babylonis
800 2818 838 2848 B.
864 2835 907 2838 —
933 2819 1047 2857 Hartl,
1076 2829 1108 2860 p.
1134 2816 1174 2849 21
1203 2829 1278 2861 sqq.
