1785 3111
758 54 1066 97 —622—

128 198 175 236 V.
211 193 265 232 Ut
293 188 376 234 ipse
406 185 515 231 rogat
545 177 748 217 Dominum

216 250 292 287 Pro
323 241 431 280 nobis
463 236 683 282 efficaciter,

218 301 326 352 Quod
357 298 406 337 ad
437 300 632 335 aeternam
663 288 821 338 gloriam

218 360 409 400 Perducat
438 364 506 391 nos
537 349 714 387 feliciter.

135 459 173 497 2.
219 452 309 491 Fuit
339 444 492 495 praesul
520 439 721 480 Odelricus

220 507 411 547 Maximus
442 499 515 538 Dei
545 497 702 541 amicus,

222 563 380 607 Viridis,
413 569 487 595 non
518 564 645 592 ramus
676 552 812 595 siccus,

224 623 365 665 Bonus,
398 616 516 652 bonas
548 611 674 648 ferens
704 606 810 653 ficus,

225 680 344 726 Quem
375 671 522 717 recepit
551 667 645 705 caeli
676 666 794 703 vicus,

144 772 189 809 V.
225 768 299 806 Hic
331 777 353 802 a
384 761 529 800 cunctis
560 756 738 795 fidelibus

228 823 464 863 Reverenter
494 813 753 856 honorandus,

231 877 497 919 Sanctissimus
528 873 589 910 hic
620 867 792 917 pontifex

232 935 434 977 Odelricus
465 935 521 968 est
551 926 778 966 laudandus.

150 1034 186 1070 3.
233 1025 434 1067 Odelricus
466 1020 649 1058 exuberat

234 1082 394 1124 Pietatis
425 1077 617 1126 operibus,

235 1142 305 1189 Qui
338 1139 466 1184 largas
499 1135 734 1177 elemosynas

236 1199 384 1242 Largus
422 1194 536 1230 donat
569 1185 801 1236 pauperibus

236 1255 289 1293 Et
317 1249 521 1298 hospitalis
554 1244 697 1291 colligit

240 1307 452 1358 Vagabund
460 1318 501 1342 os
533 1305 570 1341 in
603 1300 789 1339 domibus.

158 1405 203 1443 V.
238 1403 362 1449 Felix,
396 1399 459 1446 qui
490 1407 605 1443 super
636 1399 823 1441 pauperes

248 1462 344 1498 Toto
374 1456 489 1494 corde
521 1451 710 1498 intelligit,

244 1517 330 1554 Non
363 1514 544 1551 habentes
576 1506 781 1554 hospitium

249 1575 291 1611 In
323 1583 390 1610 sua
424 1571 534 1607 domo
566 1564 722 1611 colligit.

325 1693 412 1733 ‘ln
452 1689 721 1730 Laudibus,

418 1757 664 1800 Anti'phoozae.

172 1849 208 1887 1.
241 1844 459 1884 Odelricum
490 1838 674 1877 Dominus

310 1899 443 1938 Induit
474 1894 709 1941 fortitudine,

258 1955 477 1997 Praecinxit
507 1949 710 1990 virtutibus

313 2015 358 2051 In
388 2011 489 2049 omni
521 2006 738 2045 certamine.

178 2113 213 2148 2.
261 2104 396 2146 Cuncti
426 2101 559 2139 fideles
590 2095 733 2145 populi,

319 2163 401 2200 Deo
432 2162 562 2196 nostro
592 2153 762 2200 iubilate,

265 2219 413 2259 Servite
444 2216 481 2251 in
513 2212 671 2257 laetitia,

323 2273 541 2314 Odelricum
573 2268 768 2306 honorate.

183 2373 221 2409 3.
268 2366 468 2407 Odelricus
500 2360 548 2398 ad
579 2356 783 2396 Dominum

328 2425 488 2462 Sanctus
522 2418 568 2454 do
598 2417 681 2452 luce
712 2410 857 2458 vigilat,

268 2481 338 2528 Qui
370 2476 459 2516 fidei
491 2479 527 2510 et
559 2481 713 2519 operum

329 2532 542 2583 Splendore
573 2529 696 2566 clarus
728 2523 872 2562 rutilat.

189 2633 226 2670 4.
272 2624 496 2666 Benedicite
526 2618 701 2662 Domino,

334 2681 454 2726 Caeli⁷
486 2683 601 2726 terra,
635 2672 767 2718 maria,

275 2740 346 2787 Qui
377 2736 554 2777 Odelrico
586 2729 753 2779 praesuli

330 2797 461 2842 Regno
493 2793 559 2829 dat
590 2784 778 2826 caelestia.

949 170 988 208 5.
1037 166 1083 203 In
1113 160 1281 202 Odelrici
1311 155 1500 206 praesulis

1089 221 1205 259 Festo
1236 216 1365 254 laudet
1395 214 1435 250 in
1463 215 1646 260 tympano

1033 278 1156 316 Deum
1187 274 1312 312 fidelis
1344 269 1518 318 populus,

1093 335 1138 371 In
1170 329 1353 380 cymbalis
1385 331 1422 363 et
1452 333 1607 372 organo.

1168 440 1228 474 Ad
1252 436 1481 473 Benedictus.

955 529 1003 567 A.
1040 525 1224 565 Dominus
1256 522 1358 559 Deus
1390 517 1524 563 Israel,

1098 580 1330 620 Benedictus
1361 587 1429 623 per
1459 572 1595 617 omnia,

1044 638 1261 679 Odelricum
1292 632 1510 682 pontificem

1102 693 1307 734 Benedixit
1337 691 1376 727 in
1407 688 1533 735 patria

1045 754 1097 792 Et
1127 752 1200 789 sibi
1233 749 1342 787 dedit
1372 743 1519 794 perfrui

1106 810 1217 848 Vitae
1247 805 1425 854 perennis
1456 800 1588 849 gloria.

1122 935 1176 971 In
1218 934 1255 970 2.
1299 925 1556 974 Vesperis.

1221 994 1465 1038 Antiphonae.

970 1086 1007 1125 1.
1053 1080 1252 1121 Odelricus
1284 1075 1510 1114 iustissimus

1112 1139 1157 1175 In
1187 1140 1342 1173 aeterna
1372 1129 1553 1169 memoria

1057 1195 1144 1233 Non
1173 1192 1222 1230 ab
1254 1190 1386 1228 auditu
1416 1191 1585 1224 metuens

1113 1250 1219 1289 Malo
1250 1247 1389 1296 gaudet
1419 1245 1458 1282 in
1488 1241 1626 1290 patria.

1007 1374 1015 1384 .
1059 1340 1250 1389 Odelrice,
1281 1335 1514 1385 praesidium

1119 1399 1239 1436 Tuum
1274 1396 1322 1432 da
1352 1392 1426 1430 tuis
1458 1388 1621 1437 famulis,

1067 1456 1209 1495 Libera
1240 1452 1313 1500 piis
1344 1448 1520 1497 precibus

1123 1512 1203 1549 Nos
1235 1521 1257 1547 a
1283 1506 1428 1546 cunctis
1459 1501 1652 1552 periculis.

986 1609 1023 1646 3.
1070 1602 1260 1650 odelrice,
1294 1609 1383 1645 roga
1414 1594 1619 1637 Christum,

1072 1661 1125 1700 Ut
1155 1660 1341 1705 expurget
1362 1652 1540 1691 mundum
1562 1649 1676 1685 istum

1073 1720 1108 1757 A
1139 1715 1317 1755 vitiorum
1348 1709 1525 1748 sordibus

1076 1773 1334 1816 Informetque
1366 1764 1582 1805 virtutibus.

1021 1897 1030 1906 .
1082 1864 1259 1903 Festivas
1291 1871 1360 1907 age
1391 1856 1547 1905 gratias,

1134 1917 1447 1959 Christicolarum
1477 1909 1612 1959 contio,

1079 1981 1125 2017 In
1156 1974 1325 2014 Odelrici
1356 1968 1542 2019 praesulis

1138 2032 1293 2070 Festivo
1327 2027 1512 2066 natalitio.

1025 2159 1033 2168 .
1079 2123 1270 2169 odelrice,
1300 2124 1520 2156 succurrere

1139 2177 1320 2227 Digneris
1351 2175 1425 2212 tuis
1455 2169 1633 2219 precibus

1082 2239 1174 2276 Tuis
1206 2233 1353 2273 devotis
1384 2227 1544 2268 servulis

1141 2295 1262 2333 Tuum
1293 2290 1430 2327 festum
1461 2282 1685 2322 colentibus.

1218 2401 1279 2435 Aa
1304 2397 1530 2443 Maym'ficat.

1041 2520 1050 2530 .
1091 2486 1268 2531 Odelrice
1298 2479 1510 2528 magnificis

1088 2541 1294 2592 Magnifica
1325 2534 1537 2586 praeconiis

1091 2603 1297 2644 Christum,
1329 2595 1392 2642 qui
1423 2597 1460 2629 te
1491 2587 1709 2636 magnificat

1092 2663 1184 2702 Cum
1218 2651 1391 2703 gloriosis
1420 2647 1600 2696 praemiis

1094 2715 1335 2758 Associatum
1367 2706 1514 2753 superis

1094 2776 1297 2814 Beatorum
1330 2763 1511 2811 collegiis.
