<?xml version="1.0" encoding="UTF-8"?>
<!DOCTYPE html PUBLIC "-//W3C//DTD XHTML 1.0 Transitional//EN"
    "http://www.w3.org/TR/xhtml1/DTD/xhtml1-transitional.dtd">
<html xmlns="http://www.w3.org/1999/xhtml" xml:lang="en" lang="en">
 <head>
  <title>
</title>
<meta http-equiv="Content-Type" content="text/html;charset=utf-8" />
  <meta name='ocr-system' content='tesseract 3.04.00' />
  <meta name='ocr-capabilities' content='ocr_page ocr_carea ocr_par ocr_line ocrx_word'/>
</head>
<body>
  <div class='ocr_page' id='page_1' title='image "./analectahymnicam50drevuoft/analectahymnicam50drevuoft_0544.png"; bbox 0 0 1785 3111; ppageno 0'>
   <div class='ocr_carea' id='block_1_1' title="bbox 749 85 1059 125">
    <p class='ocr_par' dir='ltr' id='par_1_1' title="bbox 749 85 1059 125">
     <span class='ocr_line' id='line_1_1' title="bbox 749 85 1059 125; baseline -0.016 0"><span class='ocrx_word' id='word_1_1' title='bbox 749 109 805 112; x_wconf 89' lang='lat'>—</span> <span class='ocrx_word' id='word_1_2' title='bbox 863 85 944 125; x_wconf 69' lang='lat'>520</span> <span class='ocrx_word' id='word_1_3' title='bbox 1005 108 1059 112; x_wconf 89' lang='lat'>—</span> 
     </span>
    </p>
   </div>
   <div class='ocr_carea' id='block_1_2' title="bbox 378 200 1344 642">
    <p class='ocr_par' dir='ltr' id='par_1_2' title="bbox 378 200 1344 642">
     <span class='ocr_line' id='line_1_2' title="bbox 378 200 1101 246; baseline -0.003 -8"><span class='ocrx_word' id='word_1_4' title='bbox 378 203 414 240; x_wconf 80' lang='lat'>4.</span> <span class='ocrx_word' id='word_1_5' title='bbox 467 200 566 237; x_wconf 85' lang='lat' dir='ltr'>Huic</span> <span class='ocrx_word' id='word_1_6' title='bbox 600 200 685 237; x_wconf 86' lang='lat' dir='ltr'>dum</span> <span class='ocrx_word' id='word_1_7' title='bbox 718 203 901 236; x_wconf 85' lang='lat' dir='ltr'>nocturno</span> <span class='ocrx_word' id='word_1_8' title='bbox 932 204 1101 246; x_wconf 83' lang='lat' dir='ltr'>tempore</span> 
     </span>
     <span class='ocr_line' id='line_1_3' title="bbox 548 256 1134 303; baseline -0.003 -9"><span class='ocrx_word' id='word_1_9' title='bbox 548 256 685 294; x_wconf 87' lang='lat' dir='ltr'>Rohdo</span> <span class='ocrx_word' id='word_1_10' title='bbox 717 256 827 293; x_wconf 84' lang='lat' dir='ltr'>simul</span> <span class='ocrx_word' id='word_1_11' title='bbox 859 256 1134 303; x_wconf 73' lang='lat' dir='ltr'>et‘Augminus</span> 
     </span>
     <span class='ocr_line' id='line_1_4' title="bbox 636 312 989 361; baseline -0.006 -11"><span class='ocrx_word' id='word_1_12' title='bbox 636 313 822 361; x_wconf 85' lang='lat' dir='ltr'>Degeneri</span> <span class='ocrx_word' id='word_1_13' title='bbox 855 312 989 349; x_wconf 84' lang='lat' dir='ltr'>militia</span> 
     </span>
     <span class='ocr_line' id='line_1_5' title="bbox 720 369 1251 419; baseline 0.002 -14"><span class='ocrx_word' id='word_1_14' title='bbox 720 369 882 406; x_wconf 86' lang='lat' dir='ltr'>Nudatis</span> <span class='ocrx_word' id='word_1_15' title='bbox 913 369 1057 406; x_wconf 82' lang='lat' dir='ltr'>instant</span> <span class='ocrx_word' id='word_1_16' title='bbox 1088 369 1251 419; x_wconf 75' lang='lat' dir='ltr'>ensibus,</span> 
     </span>
     <span class='ocr_line' id='line_1_6' title="bbox 464 426 1052 473; baseline -0.003 -9"><span class='ocrx_word' id='word_1_17' title='bbox 464 426 586 473; x_wconf 85' lang='lat' dir='ltr'>Caput</span> <span class='ocrx_word' id='word_1_18' title='bbox 617 430 796 463; x_wconf 82' lang='lat' dir='ltr'>truncant</span> <span class='ocrx_word' id='word_1_19' title='bbox 827 436 846 462; x_wconf 87' lang='lat' dir='ltr'>a</span> <span class='ocrx_word' id='word_1_20' title='bbox 880 436 1052 473; x_wconf 81' lang='lat' dir='ltr'>corpore,</span> 
     </span>
     <span class='ocr_line' id='line_1_7' title="bbox 548 481 1121 529; baseline -0.002 -10"><span class='ocrx_word' id='word_1_21' title='bbox 548 482 636 529; x_wconf 87' lang='lat' dir='ltr'>Sed,</span> <span class='ocrx_word' id='word_1_22' title='bbox 669 488 710 519; x_wconf 87' lang='lat' dir='ltr'>ut</span> <span class='ocrx_word' id='word_1_23' title='bbox 740 483 931 519; x_wconf 84' lang='lat' dir='ltr'>occultent.</span> <span class='ocrx_word' id='word_1_24' title='bbox 962 481 1121 527; x_wconf 76' lang='lat' dir='ltr'>facinus,</span> 
     </span>
     <span class='ocr_line' id='line_1_8' title="bbox 631 538 1141 585; baseline -0.002 -9"><span class='ocrx_word' id='word_1_25' title='bbox 631 538 748 576; x_wconf 83' lang='lat' dir='ltr'>Gravi</span> <span class='ocrx_word' id='word_1_26' title='bbox 780 549 952 585; x_wconf 86' lang='lat' dir='ltr'>pressum</span> <span class='ocrx_word' id='word_1_27' title='bbox 983 538 1141 575; x_wconf 82' lang='lat' dir='ltr'>materia</span> 
     </span>
     <span class='ocr_line' id='line_1_9' title="bbox 720 593 1344 642; baseline 0.002 -10"><span class='ocrx_word' id='word_1_28' title='bbox 720 595 896 632; x_wconf 84' lang='lat' dir='ltr'>Trudunt</span> <span class='ocrx_word' id='word_1_29' title='bbox 926 600 1126 642; x_wconf 88' lang='lat' dir='ltr'>utrumque</span> <span class='ocrx_word' id='word_1_30' title='bbox 1156 593 1344 633; x_wconf 80' lang='lat' dir='ltr'>fluctibus.</span> 
     </span>
    </p>
   </div>
   <div class='ocr_carea' id='block_1_3' title="bbox 380 696 1210 1139">
    <p class='ocr_par' dir='ltr' id='par_1_3' title="bbox 380 696 1210 1139">
     <span class='ocr_line' id='line_1_10' title="bbox 380 696 1028 736; baseline -0.005 -1"><span class='ocrx_word' id='word_1_31' title='bbox 380 699 417 736; x_wconf 86' lang='lat'>5.</span> <span class='ocrx_word' id='word_1_32' title='bbox 464 697 509 734; x_wconf 90' lang='lat' dir='ltr'>In</span> <span class='ocrx_word' id='word_1_33' title='bbox 539 697 690 733; x_wconf 89' lang='lat' dir='ltr'>laudem</span> <span class='ocrx_word' id='word_1_34' title='bbox 724 696 866 734; x_wconf 83' lang='lat' dir='ltr'>Christi</span> <span class='ocrx_word' id='word_1_35' title='bbox 897 696 1028 733; x_wconf 86' lang='lat' dir='ltr'>militis</span> 
     </span>
     <span class='ocr_line' id='line_1_11' title="bbox 549 753 993 800; baseline -0.002 -10"><span class='ocrx_word' id='word_1_36' title='bbox 549 753 700 800; x_wconf 81' lang='lat' dir='ltr'>Duplex</span> <span class='ocrx_word' id='word_1_37' title='bbox 732 753 785 790; x_wconf 91' lang='lat' dir='ltr'>ibi</span> <span class='ocrx_word' id='word_1_38' title='bbox 817 753 993 790; x_wconf 90' lang='lat' dir='ltr'>mirabile</span> 
     </span>
     <span class='ocr_line' id='line_1_12' title="bbox 634 810 1041 847; baseline -0.002 0"><span class='ocrx_word' id='word_1_39' title='bbox 634 810 854 847; x_wconf 84' lang='lat' dir='ltr'>Divinitatis</span> <span class='ocrx_word' id='word_1_40' title='bbox 886 820 1041 847; x_wconf 83' lang='lat' dir='ltr'>munere</span> 
     </span>
     <span class='ocr_line' id='line_1_13' title="bbox 718 865 1210 912; baseline -0.002 -9"><span class='ocrx_word' id='word_1_41' title='bbox 718 866 842 903; x_wconf 83' lang='lat' dir='ltr'>Datur</span> <span class='ocrx_word' id='word_1_42' title='bbox 873 867 995 903; x_wconf 88' lang='lat' dir='ltr'>eidem</span> <span class='ocrx_word' id='word_1_43' title='bbox 1027 865 1210 912; x_wconf 82' lang='lat' dir='ltr'>tempori:</span> 
     </span>
     <span class='ocr_line' id='line_1_14' title="bbox 462 922 1050 970; baseline -0.003 -9"><span class='ocrx_word' id='word_1_44' title='bbox 462 923 559 961; x_wconf 89' lang='lat' dir='ltr'>Nam</span> <span class='ocrx_word' id='word_1_45' title='bbox 593 923 639 959; x_wconf 87' lang='lat' dir='ltr'>de</span> <span class='ocrx_word' id='word_1_46' title='bbox 670 922 860 969; x_wconf 89' lang='lat' dir='ltr'>profundo</span> <span class='ocrx_word' id='word_1_47' title='bbox 892 923 1050 970; x_wconf 82' lang='lat' dir='ltr'>gurgitis</span> 
     </span>
     <span class='ocr_line' id='line_1_15' title="bbox 550 978 1118 1026; baseline -0.002 -9"><span class='ocrx_word' id='word_1_48' title='bbox 550 980 674 1026; x_wconf 87' lang='lat' dir='ltr'>Caput</span> <span class='ocrx_word' id='word_1_49' title='bbox 706 978 826 1016; x_wconf 82' lang='lat' dir='ltr'>refert-</span> <span class='ocrx_word' id='word_1_50' title='bbox 856 990 924 1026; x_wconf 89' lang='lat' dir='ltr'>pes</span> <span class='ocrx_word' id='word_1_51' title='bbox 955 979 1118 1026; x_wconf 70' lang='lat' dir='ltr'>aquilae,</span> 
     </span>
     <span class='ocr_line' id='line_1_16' title="bbox 633 1036 1189 1083; baseline -0.004 -9"><span class='ocrx_word' id='word_1_52' title='bbox 633 1036 778 1082; x_wconf 83' lang='lat' dir='ltr'>Corpus</span> <span class='ocrx_word' id='word_1_53' title='bbox 811 1036 987 1072; x_wconf 87' lang='lat' dir='ltr'>obrutum</span> <span class='ocrx_word' id='word_1_54' title='bbox 1019 1036 1189 1083; x_wconf 88' lang='lat' dir='ltr'>pondere</span> 
     </span>
     <span class='ocr_line' id='line_1_17' title="bbox 720 1092 1205 1139; baseline 0 -10"><span class='ocrx_word' id='word_1_55' title='bbox 720 1093 907 1139; x_wconf 83' lang='lat' dir='ltr'>Reportat</span> <span class='ocrx_word' id='word_1_56' title='bbox 937 1092 1040 1130; x_wconf 86' lang='lat' dir='ltr'>unda</span> <span class='ocrx_word' id='word_1_57' title='bbox 1071 1093 1205 1130; x_wconf 82' lang='lat' dir='ltr'>littori.</span> 
     </span>
    </p>
   </div>
   <div class='ocr_carea' id='block_1_4' title="bbox 379 1194 1300 1637">
    <p class='ocr_par' dir='ltr' id='par_1_4' title="bbox 379 1194 1300 1637">
     <span class='ocr_line' id='line_1_18' title="bbox 379 1194 1010 1240; baseline -0.003 -8"><span class='ocrx_word' id='word_1_58' title='bbox 379 1196 414 1235; x_wconf 85' lang='grc'>6.</span> <span class='ocrx_word' id='word_1_59' title='bbox 461 1194 567 1231; x_wconf 92' lang='lat' dir='ltr'>Tunc</span> <span class='ocrx_word' id='word_1_60' title='bbox 598 1198 815 1240; x_wconf 80' lang='lat' dir='ltr'>repertores</span> <span class='ocrx_word' id='word_1_61' title='bbox 844 1194 1010 1240; x_wconf 86' lang='lat' dir='ltr'>partium</span> 
     </span>
     <span class='ocr_line' id='line_1_19' title="bbox 540 1251 996 1297; baseline 0 -10"><span class='ocrx_word' id='word_1_62' title='bbox 540 1251 681 1288; x_wconf 83' lang='lat' dir='ltr'>Movet.</span> <span class='ocrx_word' id='word_1_63' title='bbox 711 1251 774 1297; x_wconf 88' lang='lat' dir='ltr'>pia</span> <span class='ocrx_word' id='word_1_64' title='bbox 806 1251 996 1287; x_wconf 86' lang='lat' dir='ltr'>contentio</span> 
     </span>
     <span class='ocr_line' id='line_1_20' title="bbox 635 1306 1168 1354; baseline -0.002 -10"><span class='ocrx_word' id='word_1_65' title='bbox 635 1307 758 1354; x_wconf 84' lang='lat' dir='ltr'>Super</span> <span class='ocrx_word' id='word_1_66' title='bbox 790 1307 950 1344; x_wconf 87' lang='lat' dir='ltr'>diversis</span> <span class='ocrx_word' id='word_1_67' title='bbox 982 1306 1168 1354; x_wconf 82' lang='lat' dir='ltr'>partibus,</span> 
     </span>
     <span class='ocr_line' id='line_1_21' title="bbox 720 1363 1237 1409; baseline 0.002 -8"><span class='ocrx_word' id='word_1_68' title='bbox 720 1364 822 1409; x_wconf 82' lang='lat' dir='ltr'>Quae</span> <span class='ocrx_word' id='word_1_69' title='bbox 854 1364 913 1400; x_wconf 91' lang='lat' dir='ltr'>cui</span> <span class='ocrx_word' id='word_1_70' title='bbox 945 1364 1055 1401; x_wconf 88' lang='lat' dir='ltr'>reddi</span> <span class='ocrx_word' id='word_1_71' title='bbox 1089 1363 1237 1402; x_wconf 82' lang='lat' dir='ltr'>debeat.</span> 
     </span>
     <span class='ocr_line' id='line_1_22' title="bbox 474 1420 1036 1458; baseline -0.004 0"><span class='ocrx_word' id='word_1_72' title='bbox 474 1421 644 1458; x_wconf 84' lang='lat' dir='ltr'>Tandem</span> <span class='ocrx_word' id='word_1_73' title='bbox 675 1420 796 1457; x_wconf 89' lang='lat' dir='ltr'>Deum</span> <span class='ocrx_word' id='word_1_74' title='bbox 825 1421 1036 1457; x_wconf 76' lang='lat' dir='ltr'>timentium</span> 
     </span>
     <span class='ocr_line' id='line_1_23' title="bbox 548 1477 935 1515; baseline -0.005 0"><span class='ocrx_word' id='word_1_75' title='bbox 548 1477 746 1515; x_wconf 84' lang='lat' dir='ltr'>Mediante</span> <span class='ocrx_word' id='word_1_76' title='bbox 778 1477 935 1514; x_wconf 86' lang='lat' dir='ltr'>consilio</span> 
     </span>
     <span class='ocr_line' id='line_1_24' title="bbox 638 1533 1166 1580; baseline -0.004 -9"><span class='ocrx_word' id='word_1_77' title='bbox 638 1534 780 1579; x_wconf 79' lang='lat' dir='ltr'>Placet,</span> <span class='ocrx_word' id='word_1_78' title='bbox 812 1537 853 1570; x_wconf 90' lang='lat' dir='ltr'>ut</span> <span class='ocrx_word' id='word_1_79' title='bbox 885 1533 1005 1580; x_wconf 72' lang='lat' dir='ltr'>pulsis</span> <span class='ocrx_word' id='word_1_80' title='bbox 1036 1533 1166 1570; x_wconf 88' lang='lat' dir='ltr'>litibus</span> 
     </span>
     <span class='ocr_line' id='line_1_25' title="bbox 721 1589 1300 1637; baseline 0 -9"><span class='ocrx_word' id='word_1_81' title='bbox 721 1591 844 1637; x_wconf 86' lang='lat' dir='ltr'>Caput</span> <span class='ocrx_word' id='word_1_82' title='bbox 875 1590 923 1627; x_wconf 81' lang='lat' dir='ltr'>ad</span> <span class='ocrx_word' id='word_1_83' title='bbox 955 1589 1124 1627; x_wconf 88' lang='lat' dir='ltr'>membra</span> <span class='ocrx_word' id='word_1_84' title='bbox 1157 1590 1300 1628; x_wconf 82' lang='lat' dir='ltr'>redeat.</span> 
     </span>
    </p>
   </div>
   <div class='ocr_carea' id='block_1_5' title="bbox 383 1692 1212 2132">
    <p class='ocr_par' dir='ltr' id='par_1_5' title="bbox 383 1692 1212 2132">
     <span class='ocr_line' id='line_1_26' title="bbox 383 1692 920 1738; baseline -0.004 -8"><span class='ocrx_word' id='word_1_85' title='bbox 383 1692 419 1730; x_wconf 82' lang='lat'>7.</span> <span class='ocrx_word' id='word_1_86' title='bbox 467 1692 544 1729; x_wconf 86' lang='lat' dir='ltr'>Iste</span> <span class='ocrx_word' id='word_1_87' title='bbox 575 1696 721 1738; x_wconf 66' lang='lat' dir='ltr'>martyr</span> <span class='ocrx_word' id='word_1_88' title='bbox 749 1692 920 1738; x_wconf 84' lang='lat' dir='ltr'>egregius</span> 
     </span>
     <span class='ocr_line' id='line_1_27' title="bbox 550 1748 1053 1796; baseline -0.002 -11"><span class='ocrx_word' id='word_1_89' title='bbox 550 1749 696 1796; x_wconf 84' lang='lat' dir='ltr'>Dignus</span> <span class='ocrx_word' id='word_1_90' title='bbox 726 1748 840 1786; x_wconf 87' lang='lat' dir='ltr'>laude</span> <span class='ocrx_word' id='word_1_91' title='bbox 870 1748 1053 1794; x_wconf 86' lang='lat' dir='ltr'>fidelium,</span> 
     </span>
     <span class='ocr_line' id='line_1_28' title="bbox 637 1804 1097 1843; baseline -0.004 0"><span class='ocrx_word' id='word_1_92' title='bbox 637 1805 752 1843; x_wconf 85' lang='lat' dir='ltr'>Cuius</span> <span class='ocrx_word' id='word_1_93' title='bbox 784 1805 886 1841; x_wconf 90' lang='lat' dir='ltr'>Deus</span> <span class='ocrx_word' id='word_1_94' title='bbox 919 1804 1097 1842; x_wconf 84' lang='lat' dir='ltr'>exaudiat</span> 
     </span>
     <span class='ocr_line' id='line_1_29' title="bbox 720 1861 1202 1908; baseline 0 -11"><span class='ocrx_word' id='word_1_95' title='bbox 720 1862 944 1898; x_wconf 88' lang='lat' dir='ltr'>Insistentes</span> <span class='ocrx_word' id='word_1_96' title='bbox 976 1861 1202 1908; x_wconf 82' lang='lat' dir='ltr'>praeconiis,</span> 
     </span>
     <span class='ocr_line' id='line_1_30' title="bbox 467 1916 1013 1964; baseline 0 -10"><span class='ocrx_word' id='word_1_97' title='bbox 467 1916 629 1964; x_wconf 83' lang='lat' dir='ltr'>Gregeni</span> <span class='ocrx_word' id='word_1_98' title='bbox 658 1917 769 1954; x_wconf 85' lang='lat' dir='ltr'>istum</span> <span class='ocrx_word' id='word_1_99' title='bbox 803 1918 1013 1963; x_wconf 82' lang='lat' dir='ltr'>Lupentius</span> 
     </span>
     <span class='ocr_line' id='line_1_31' title="bbox 552 1974 966 2020; baseline -0.005 -9"><span class='ocrx_word' id='word_1_100' title='bbox 552 1974 706 2011; x_wconf 80' lang='lat' dir='ltr'>Orando</span> <span class='ocrx_word' id='word_1_101' title='bbox 738 1974 966 2020; x_wconf 83' lang='lat' dir='ltr'>spiritalium</span> 
     </span>
     <span class='ocr_line' id='line_1_32' title="bbox 637 2030 1212 2077; baseline -0.002 -10"><span class='ocrx_word' id='word_1_102' title='bbox 637 2030 746 2067; x_wconf 88' lang='lat' dir='ltr'>Nunc</span> <span class='ocrx_word' id='word_1_103' title='bbox 779 2034 816 2066; x_wconf 87' lang='lat' dir='ltr'>et</span> <span class='ocrx_word' id='word_1_104' title='bbox 846 2040 996 2077; x_wconf 86' lang='lat' dir='ltr'>semper</span> <span class='ocrx_word' id='word_1_105' title='bbox 1025 2030 1212 2067; x_wconf 84' lang='lat' dir='ltr'>custodiat</span> 
     </span>
     <span class='ocr_line' id='line_1_33' title="bbox 722 2086 1155 2132; baseline 0 -9"><span class='ocrx_word' id='word_1_106' title='bbox 722 2088 757 2123; x_wconf 92' lang='lat' dir='ltr'>A</span> <span class='ocrx_word' id='word_1_107' title='bbox 789 2087 963 2132; x_wconf 89' lang='lat' dir='ltr'>luporum</span> <span class='ocrx_word' id='word_1_108' title='bbox 994 2086 1155 2124; x_wconf 85' lang='lat' dir='ltr'>insidiis.</span> 
     </span>
    </p>
   </div>
   <div class='ocr_carea' id='block_1_6' title="bbox 134 2173 1696 2261">
    <p class='ocr_par' dir='ltr' id='par_1_6' title="bbox 134 2173 1696 2261">
     <span class='ocr_line' id='line_1_34' title="bbox 223 2173 1696 2218; baseline -0.001 -12"><span class='ocrx_word' id='word_1_109' title='bbox 223 2175 297 2206; x_wconf 86' lang='lat' dir='ltr'>Fol.</span> <span class='ocrx_word' id='word_1_110' title='bbox 326 2173 399 2207; x_wconf 74' lang='lat'>136.</span> <span class='ocrx_word' id='word_1_111' title='bbox 450 2176 522 2207; x_wconf 79' lang='lat' dir='ltr'>Das</span> <span class='ocrx_word' id='word_1_112' title='bbox 549 2175 635 2207; x_wconf 90' lang='lat' dir='ltr'>Lied</span> <span class='ocrx_word' id='word_1_113' title='bbox 662 2176 748 2218; x_wconf 82' lang='lat' dir='ltr'>folgt</span> <span class='ocrx_word' id='word_1_114' title='bbox 771 2176 999 2207; x_wconf 78' lang='lat' dir='ltr'>unmittelbar</span> <span class='ocrx_word' id='word_1_115' title='bbox 1024 2176 1087 2207; x_wconf 81' lang='lat' dir='ltr'>auf</span> <span class='ocrx_word' id='word_1_116' title='bbox 1108 2176 1174 2207; x_wconf 86' lang='lat' dir='ltr'>den</span> <span class='ocrx_word' id='word_1_117' title='bbox 1198 2175 1506 2217; x_wconf 79' lang='lat' dir='ltr'>vorhergehendeu</span> <span class='ocrx_word' id='word_1_118' title='bbox 1525 2175 1696 2216; x_wconf 72' lang='lat' dir='ltr'>Hymnus.</span> 
     </span>
     <span class='ocr_line' id='line_1_35' title="bbox 134 2220 798 2261; baseline 0.002 -10"><span class='ocrx_word' id='word_1_119' title='bbox 134 2238 176 2241; x_wconf 87' lang='lat'><strong>—</strong></span> <span class='ocrx_word' id='word_1_120' title='bbox 201 2221 281 2261; x_wconf 77' lang='lat' dir='ltr'>Vgl.</span> <span class='ocrx_word' id='word_1_121' title='bbox 306 2221 421 2252; x_wconf 84' lang='lat' dir='ltr'>Neues</span> <span class='ocrx_word' id='word_1_122' title='bbox 447 2220 576 2252; x_wconf 81' lang='lat' dir='ltr'>Archiv</span> <span class='ocrx_word' id='word_1_123' title='bbox 602 2222 694 2261; x_wconf 77' lang='lat' dir='ltr'>XVI,</span> <span class='ocrx_word' id='word_1_124' title='bbox 725 2220 798 2253; x_wconf 92' lang='grc'><strong>111.</strong></span> 
     </span>
    </p>
   </div>
   <div class='ocr_carea' id='block_1_7' title="bbox 568 2376 1256 2420">
    <p class='ocr_par' dir='ltr' id='par_1_7' title="bbox 568 2376 1256 2420">
     <span class='ocr_line' id='line_1_36' title="bbox 568 2376 1256 2420; baseline 0.003 -9"><span class='ocrx_word' id='word_1_125' title='bbox 568 2377 649 2411; x_wconf 77' lang='grc'><strong>356.</strong></span> <span class='ocrx_word' id='word_1_126' title='bbox 687 2376 767 2416; x_wconf 74' lang='grc'><strong>(13.)</strong></span> <span class='ocrx_word' id='word_1_127' title='bbox 803 2377 860 2411; x_wconf 81' lang='lat' dir='ltr'>De</span> <span class='ocrx_word' id='word_1_128' title='bbox 887 2378 1029 2412; x_wconf 73' lang='lat' dir='ltr'>sancto</span> <span class='ocrx_word' id='word_1_129' title='bbox 1057 2376 1256 2420; x_wconf 83' lang='lat' dir='ltr'>Remigio.</span> 
     </span>
    </p>
   </div>
   <div class='ocr_carea' id='block_1_8' title="bbox 166 2469 1644 2630">
    <p class='ocr_par' dir='ltr' id='par_1_8' title="bbox 166 2469 1644 2630">
     <span class='ocr_line' id='line_1_37' title="bbox 166 2469 1644 2519; baseline -0.001 -13"><span class='ocrx_word' id='word_1_130' title='bbox 166 2469 235 2508; x_wconf 82' lang='lat' dir='ltr'>la.</span> <span class='ocrx_word' id='word_1_131' title='bbox 278 2470 434 2507; x_wconf 91' lang='lat' dir='ltr'>Oremus</span> <span class='ocrx_word' id='word_1_132' title='bbox 467 2481 594 2508; x_wconf 87' lang='lat' dir='ltr'>omnes</span> <span class='ocrx_word' id='word_1_133' title='bbox 625 2471 783 2519; x_wconf 86' lang='lat' dir='ltr'>pariter,</span> <span class='ocrx_word' id='word_1_134' title='bbox 984 2472 1059 2510; x_wconf 89' lang='lat' dir='ltr'>1b.</span> <span class='ocrx_word' id='word_1_135' title='bbox 1094 2472 1195 2509; x_wconf 83' lang='lat' dir='ltr'>Voce</span> <span class='ocrx_word' id='word_1_136' title='bbox 1225 2469 1372 2518; x_wconf 86' lang='lat' dir='ltr'>profert</span> <span class='ocrx_word' id='word_1_137' title='bbox 1403 2469 1644 2515; x_wconf 77' lang='lat' dir='ltr'>laetabunda,</span> 
     </span>
     <span class='ocr_line' id='line_1_38' title="bbox 276 2526 1611 2574; baseline 0 -12"><span class='ocrx_word' id='word_1_138' title='bbox 276 2527 525 2572; x_wconf 86' lang='lat' dir='ltr'>Imploremus</span> <span class='ocrx_word' id='word_1_139' title='bbox 557 2527 760 2574; x_wconf 80' lang='lat' dir='ltr'>humiliter,</span> <span class='ocrx_word' id='word_1_140' title='bbox 1098 2529 1175 2565; x_wconf 91' lang='lat' dir='ltr'>Deo</span> <span class='ocrx_word' id='word_1_141' title='bbox 1207 2532 1337 2565; x_wconf 89' lang='lat' dir='ltr'>nostro</span> <span class='ocrx_word' id='word_1_142' title='bbox 1368 2527 1417 2563; x_wconf 86' lang='lat' dir='ltr'>sit</span> <span class='ocrx_word' id='word_1_143' title='bbox 1447 2526 1611 2563; x_wconf 80' lang='lat' dir='ltr'>iucunda</span> 
     </span>
     <span class='ocr_line' id='line_1_39' title="bbox 334 2582 1585 2630; baseline -0.001 -9"><span class='ocrx_word' id='word_1_144' title='bbox 334 2584 385 2621; x_wconf 87' lang='lat' dir='ltr'>Ut</span> <span class='ocrx_word' id='word_1_145' title='bbox 398 2582 503 2628; x_wconf 86' lang='lat' dir='ltr'>haec,</span> <span class='ocrx_word' id='word_1_146' title='bbox 518 2594 627 2629; x_wconf 81' lang='lat' dir='ltr'>quam</span> <span class='ocrx_word' id='word_1_147' title='bbox 640 2588 769 2620; x_wconf 83' lang='lat' dir='ltr'>nostra</span> <span class='ocrx_word' id='word_1_148' title='bbox 783 2584 905 2620; x_wconf 81' lang='lat' dir='ltr'>contio</span> <span class='ocrx_word' id='word_1_149' title='bbox 1152 2584 1374 2630; x_wconf 87' lang='lat' dir='ltr'>Decoraque</span> <span class='ocrx_word' id='word_1_150' title='bbox 1405 2582 1585 2620; x_wconf 86' lang='lat' dir='ltr'>laudatio.</span> 
     </span>
    </p>
   </div>
   <div class='ocr_carea' id='block_1_9' title="bbox 165 2683 1657 2843">
    <p class='ocr_par' dir='ltr' id='par_1_9' title="bbox 165 2683 1657 2843">
     <span class='ocr_line' id='line_1_40' title="bbox 165 2683 1627 2730; baseline -0.002 -8"><span class='ocrx_word' id='word_1_151' title='bbox 165 2686 234 2722; x_wconf 67' lang='lat'>221.</span> <span class='ocrx_word' id='word_1_152' title='bbox 275 2684 417 2723; x_wconf 89' lang='lat' dir='ltr'>Christi</span> <span class='ocrx_word' id='word_1_153' title='bbox 456 2694 616 2730; x_wconf 88' lang='lat' dir='ltr'>namque</span> <span class='ocrx_word' id='word_1_154' title='bbox 654 2683 879 2721; x_wconf 86' lang='lat' dir='ltr'>confessoris</span> <span class='ocrx_word' id='word_1_155' title='bbox 982 2688 1003 2724; x_wconf 86' lang='lat'>2</span> <span class='ocrx_word' id='word_1_156' title='bbox 1026 2685 1062 2723; x_wconf 91' lang='lat' dir='ltr'>b.</span> <span class='ocrx_word' id='word_1_157' title='bbox 1097 2685 1209 2722; x_wconf 87' lang='lat' dir='ltr'>Cuius</span> <span class='ocrx_word' id='word_1_158' title='bbox 1242 2684 1427 2727; x_wconf 86' lang='lat' dir='ltr'>doctrina,</span> <span class='ocrx_word' id='word_1_159' title='bbox 1461 2683 1627 2720; x_wconf 88' lang='lat' dir='ltr'>moribus</span> 
     </span>
     <span class='ocr_line' id='line_1_41' title="bbox 276 2738 1620 2787; baseline -0.001 -10"><span class='ocrx_word' id='word_1_160' title='bbox 276 2741 407 2777; x_wconf 88' lang='lat' dir='ltr'>Nostri</span> <span class='ocrx_word' id='word_1_161' title='bbox 437 2750 509 2777; x_wconf 74' lang='lat' dir='ltr'>vox</span> <span class='ocrx_word' id='word_1_162' title='bbox 541 2740 699 2777; x_wconf 87' lang='lat' dir='ltr'>resultat</span> <span class='ocrx_word' id='word_1_163' title='bbox 731 2741 807 2777; x_wconf 89' lang='lat' dir='ltr'>oris</span> <span class='ocrx_word' id='word_1_164' title='bbox 1094 2742 1143 2779; x_wconf 91' lang='lat' dir='ltr'>Et</span> <span class='ocrx_word' id='word_1_165' title='bbox 1176 2741 1433 2787; x_wconf 85' lang='lat' dir='ltr'>exemplorum</span> <span class='ocrx_word' id='word_1_166' title='bbox 1466 2738 1620 2776; x_wconf 82' lang='lat' dir='ltr'>floribus</span> 
     </span>
     <span class='ocr_line' id='line_1_42' title="bbox 333 2795 1657 2843; baseline 0.001 -10"><span class='ocrx_word' id='word_1_167' title='bbox 333 2796 509 2834; x_wconf 85' lang='lat' dir='ltr'>Gloriosa</span> <span class='ocrx_word' id='word_1_168' title='bbox 539 2797 755 2843; x_wconf 75' lang='lat' dir='ltr'>praeconia,</span> <span class='ocrx_word' id='word_1_169' title='bbox 1151 2799 1290 2836; x_wconf 86' lang='lat' dir='ltr'>Sancta</span> <span class='ocrx_word' id='word_1_170' title='bbox 1322 2800 1454 2834; x_wconf 88' lang='lat' dir='ltr'>vernat</span> <span class='ocrx_word' id='word_1_171' title='bbox 1486 2795 1657 2834; x_wconf 86' lang='lat' dir='ltr'>ecclesia.</span> 
     </span>
    </p>
   </div>
  </div>
 </body>
</html>
