1785 3111
849 54 930 96 602
989 78 1044 82 —

651 165 733 201 398.
769 165 826 207 (9.)
865 164 1122 200 Philumena.

774 226 802 262 P
817 236 835 262 r
847 236 868 262 o
880 235 901 263 o
913 235 932 262 e
944 235 980 261 m
993 224 1005 261 i
1018 235 1042 262 u
1054 235 1103 262 m.

694 226 723 263 Ι.

139 372 146 379 .
194 339 429 387 Philomena‚
462 339 618 385 praevia

250 395 433 442 temporis
464 395 623 445 amoeni⁷

194 454 295 499 Quae
327 463 515 489 recessum
548 451 698 488 nuntias

249 509 382 547 imbris
414 513 525 555 atque
557 509 675 557 caeni,

193 565 293 602 Dum
325 565 514 602 demulces
546 565 690 602 animos

251 626 314 659 tuo
347 626 457 659 cantu
488 622 578 671 leni,

193 679 289 716 Avis
320 679 631 727 prudentissima,

250 735 300 773 ad
331 745 402 781 me,
435 745 587 782 quaeso,
621 735 722 775 veni,

107 858 144 886 ·.
193 848 298 897 Veni,
330 849 428 894 veni,
461 849 606 884 mittam
639 852 688 884 te.

252 916 323 951 quo
353 915 426 941 non
458 915 608 951 possum
640 904 707 952 ire,

194 962 247 1000 Ut
279 961 439 998 amicum
472 961 599 998 valeas

249 1022 361 1054 cantu
394 1017 568 1064 delinire⁷

193 1074 347 1111 Tollens
379 1074 458 1111 eius
489 1073 617 1110 taedia

247 1141 337 1167 voce
370 1131 490 1167 dulcis
522 1131 640 1177 lyrae,

190 1188 319 1235 Quem,
353 1187 437 1235 heua
470 1188 582 1224 modo
613 1198 757 1234 nequeo

248 1243 374 1281 verbis
407 1244 621 1281 convenire.

135 1387 143 1395 .
190 1357 306 1407 Ergo,
339 1358 413 1406 pia,
448 1358 626 1404 suppleas

249 1424 373 1451 meum
406 1413 669 1460 imperfectum

191 1471 400 1509 Salutando
433 1472 595 1508 dulciter

249 1527 399 1564 unicum
433 1528 610 1565 dilectum

189 1583 311 1630 Eique
344 1584 555 1631 denunties,

246 1641 410 1691 qualiter
441 1640 615 1678 affectum

191 1696 246 1733 Sit
280 1707 344 1733 cor
374 1708 495 1734 meum
530 1698 666 1745 iugiter

247 1754 326 1789 eius
358 1754 406 1790 ad
439 1759 694 1801 prospectum.

136 1893 143 1902 .
190 1864 296 1911 Quod
329 1865 359 1900 si
391 1870 549 1911 quaerat
579 1866 728 1912 aliquis,

246 1931 363 1967 quare
394 1926 430 1957 te
462 1922 557 1967 elegi

190 1977 318 2014 Meum
350 1988 431 2014 esse
462 1978 647 2023 nuntium,

248 2034 355 2083 sciat,
389 2034 476 2080 quia
506 2035 580 2081 legi

190 2089 248 2127 De
279 2095 315 2126 te
345 2091 529 2137 quaedam
562 2091 731 2138 propria,

247 2157 343 2193 quae
375 2147 526 2184 divinae
557 2147 631 2194 legi

192 2202 377 2249 Coaptata
410 2204 567 2250 mystice

248 2260 400 2306 placent
431 2271 575 2298 summo
608 2261 700 2308 regi.

136 2403 144 2411 .
192 2372 323 2419 Igitur,
357 2374 562 2420 carissime,

247 2429 336 2466 audi
368 2440 467 2467 nunc
496 2435 651 2481 attente,

190 2484 288 2531 Nam
321 2485 352 2521 si
384 2491 533 2522 cantum
565 2488 729 2525 volucris

248 2541 356 2578 huius
387 2553 515 2579 serves
547 2550 683 2592 mente,

188 2597 281 2635 Eius
313 2597 473 2635 imitatio

245 2654 382 2701 spiritu
414 2654 574 2692 docente

191 2710 245 2747 Te
277 2712 476 2748 caelestem
508 2711 689 2748 musicum

248 2765 360 2805 faciet
392 2773 560 2815 repente.

926 340 966 377 6.

902 2376 968 2414 10.

1013 338 1071 375 De
1102 338 1173 375 hac
1204 349 1273 375 ave
1303 338 1454 385 legitur⁷

1071 395 1186 442 quod,
1220 406 1303 431 curn
1336 395 1588 441 deprehendit

1013 451 1176 488 Mortem
1214 451 1286 488 sibi
1316 452 1540 501 proximam,

1072 508 1247 545 arborem
1277 508 1449 546 ascendit

1016 564 1242 611 Summoque
1274 565 1440 602 diluculo

1073 632 1220 658 sursum
1250 625 1413 658 rostrum
1445 622 1569 659 tendit

1015 678 1262 724 Diversisque
1294 678 1466 716 cantibus

1073 738 1192 772 totam
1224 745 1263 771 se
1294 735 1492 781 impendit.

1014 848 1222 886 Cantilenis
1256 848 1430 885 dulcibus

1068 905 1266 951 praevenit
1297 916 1485 953 auroram,

1012 960 1088 998 Sed
1121 972 1202 998 cum
1237 962 1317 998 dies
1350 962 1481 998 rutilat

1071 1018 1171 1054 circa
1203 1018 1363 1064 primam
1396 1019 1539 1066 horam,

1012 1074 1197 1111 Elevatur
1227 1075 1340 1112 altius

1069 1141 1198 1168 vocem
1230 1131 1269 1168 in
1300 1142 1486 1179 sonoram,

1012 1188 1056 1224 In
1088 1188 1275 1224 cantando
1307 1188 1479 1224 nesciens

1071 1255 1227 1291 pausam
1258 1244 1337 1280 sive
1369 1255 1524 1282 moram.

1013 1358 1123 1396 Circa
1154 1369 1244 1395 vero
1275 1358 1427 1395 tertiam

1068 1414 1175 1462 quasi
1206 1414 1357 1451 modum
1387 1415 1517 1464 nescit,

1011 1472 1105 1518 Quia
1137 1482 1287 1518 semper
1317 1471 1494 1518 gaudium

1069 1528 1195 1565 cordis
1228 1528 1307 1565 eius
1340 1528 1487 1576 crescit,

1011 1585 1108 1622 Fere
1139 1589 1268 1632 guttur
1298 1585 1498 1631 rumpitur,

1067 1642 1121 1678 sic
1153 1653 1225 1678 vox
1257 1641 1469 1689 invalescit,

1010 1698 1061 1736 Et
1092 1709 1164 1744 quo
1197 1702 1323 1735 cantat
1355 1698 1530 1744 amplius⁷

1069 1760 1104 1792 et
1133 1755 1218 1801 plus
1249 1754 1469 1793 inardescit.

1009 1867 1061 1904 Et
1091 1877 1174 1904 cum
1208 1867 1245 1903 in
1278 1867 1436 1904 meridie

1066 1924 1121 1960 sol
1151 1927 1207 1960 est
1237 1924 1275 1960 in
1308 1922 1469 1971 fervore,

1010 1979 1116 2016 Tunc
1149 1981 1351 2026 disrumpit
1381 1981 1530 2017 viscera

1067 2036 1182 2073 nimio
1213 2037 1388 2084 clamore⁷

1011 2092 1120 2142 Oci,
1154 2093 1231 2129 oci
1264 2093 1434 2130 clamitat

1066 2149 1133 2185 illo
1163 2160 1230 2186 suo
1261 2160 1365 2186 more

1011 2204 1147 2252 Sicque
1178 2206 1316 2242 sensim
1349 2205 1477 2243 deficit

1067 2267 1198 2299 cantus
1229 2273 1321 2310 prae
1351 2262 1494 2301 labore.

1015 2376 1079 2414 Sic
1109 2376 1295 2423 quassatis
1326 2376 1479 2423 organis

1066 2432 1175 2470 huius
1208 2433 1458 2481 philomenae,

1008 2489 1147 2527 Rostro
1178 2493 1322 2526 tantum
1353 2489 1545 2536 palpitans

1065 2544 1107 2582 fit
1136 2545 1335 2592 exsanguis
1366 2556 1498 2593 paene,

1009 2601 1083 2639 Sed
1111 2602 1160 2639 ad
1192 2612 1326 2638 nonam
1358 2602 1512 2639 veniens

1064 2658 1223 2696 moritur
1252 2658 1325 2694 iam
1357 2658 1481 2705 plene,

1009 2714 1104 2752 Cum
1135 2714 1249 2751 totius
1281 2715 1452 2761 corporis

1066 2771 1351 2817 disrumpuntur
1381 2781 1510 2811 venae.
