1785 3111
800 98 1106 139 -498—

171 219 206 254 3,
254 215 396 254 Vultus
425 214 558 251 113111111
590 214 715 249 lumen
747 223 875 250 carum
910 263 914 266 ἡ
994 215 1028 252 7.
1075 212 1128 251 Ut
1161 214 1311 250 sodales
1343 213 1548 260 virginales

311 271 464 309 Habent
497 270 624 307 datum
657 270 826 315 caelitus,
1132 271 1272 307 Vivant
1305 270 1385 307 sine
1417 270 1574 308 erimine

256 327 490 374 Reginarum
522 327 589 363 1135
622 330 837 363 sanctarum
1076 325 1155 365 Sub
1188 327 1330 364 Messia
1362 338 1444 363 cum
1474 327 1614 373 Maria,

313 384 456 422 Credas
489 394 570 420 esse
601 383 766 430 penitus.
1134 385 1307 431 Virgines
1339 394 1422 420 cum
1454 384 1611 431 virgine.

169 490 209 527 4.
256 484 387 525 Genus
418 486 494 522 tale
525 486 703 533 speciale,
990 488 1025 524 8.
1075 484 1217 524 Coetus
1248 487 1319 522 iste
1348 486 1440 522 1111111
1472 487 1590 533 111516,

313 544 441 581 Genus
474 542 625 579 Christo
656 542 881 589 proximum,
1127 541 1234 580 Nihil
1266 543 1413 579 laevum
1446 543 1585 590 doleat,

256 599 327 637 Est
360 609 554 636 commune
585 599 666 648 tibi,
701 609 786 645 une,
1073 598 1295 647 Rectitudofl,
1329 599 1543 636 sane-titudo

313 656 495 693 Fructum
521 661 677 703 portans
698 657 914 694 maximum.
1132 656 1290 702 Semper
1321 656 1408 692 hinc
1439 656 1624 693 redoleat.

166 761 203 797 5.
250 757 422 796 Naevum
455 759 597 804 1165611,
638 769 723 794 nam
756 758 911 804 ignescit
985 760 1022 797 9.
1069 756 1172 795 Auia
1203 758 1273 795 Dei
1306 757 1465 804 virginei

309 814 525 852 Caelibatus
556 815 688 863 gloria,
1127 815 1240 852 Chori
1272 820 1359 851 sunt
1390 820 1424 850 et
1458 814 1658 859 thalamus,

248 870 409 918 Semper
440 875 601 907 mentem
645 871 910 917 gemiscentem
1068 870 1201 909 Dictat
1241 881 1401 918 namque
1442 871 1496 907 516
1531 875 1729 917 utramque

306 928 381 965 Dat
414 928 542 975 sponsi
574 928 766 964 memoria.
1126 928 1210 967 Cito
1241 928 1410 964 scribens
1443 928 1620 965 calamus.

164 1032 201 1068 6.
248 1028 366 1067 11111111
398 1033 558 1075 spectat,
601 1029 665 1066 vix
697 1033 904 1079 exspectat,
952 1031 1015 1068 10.
1062 1028 1190 1068 Verus
1220 1040 1379 1075 sponsus
1402 1039 1504 1066 nunc
1525 1028 1731 1066 absconsus

306 1086 357 1124 Ut
389 1090 533 1122 remoto
564 1086 718 1132 speculo
1123 1087 1167 1123 In
1201 1085 1294 1123 caeli
1327 1086 1468 1132 palatio

247 1142 380 1180 Bonae
411 1142 492 1188 spei
525 1141 636 1179 faciei
1064 1141 1214 1191 Sem-et,
1248 1147 1366 1189 regat,
1399 1142 1466 1179 has
1498 1146 1672 1189 protegat

305 1199 592 1245 Contempletur
622 1199 743 1238 oculo.
1125 1199 1367 1237 Saeculorum
1400 1199 1536 1245 spatio.

253 1299 470 1340 Engelhardt
503 1310 533 1340 p.
571 1296 634 1330 128
668 1300 707 1330 Α.
741 1316 784 1320 --
816 1299 982 1331 Albrecht
1013 1311 1044 1341 p.
1079 1297 1154 1331 285.
1180 1301 1222 1332 B.
1257 1318 1300 1322 -——
1326 1297 1356 1336 3,
1383 1297 1404 1331 3
1428 1299 1491 1331 hos
1516 1300 1557 1331 B.
1586 1316 1627 1321 —
1653 1296 1685 1337 8,
1710 1296 1731 1330 3

161 1350 346 1386 utrumque
383 1346 453 1376 AB.
489 1362 533 1365 —
570 1342 608 1382 9,
648 1344 668 1375 3
704 1349 799 1386 reget
836 1346 872 1376 B.
911 1362 953 1366 —
988 1345 1054 1377 Str.
1089 1343 1107 1376 7
1142 1344 1233 1376 steht
1267 1355 1311 1376 an
1349 1345 1471 1377 letzter
1505 1344 1632 1384 Stelle3
1667 1344 1729 1375 das

162 1390 415 1421 Akrostichon:
456 1389 949 1431 ..Hohenburgensibus
988 1388 1252 1429 Con1·adus“,
1294 1392 1393 1422 weist
1431 1391 1485 1422 ihr
1521 1390 1622 1422 indes
1662 1389 1730 1421 den

161 1436 337 1477 richtigen
362 1436 461 1466 Platz
488 1446 532 1466 an
557 1435 672 1467 hinter
697 1436 764 1467 Str.
791 1433 822 1467 6.
870 1436 918 1467 Es
945 1436 1087 1468 beweist
1113 1436 1222 1475 auch,
1259 1436 1334 1468 dass
1361 1437 1435 1468 dies
1461 1435 1610 1468 Gedieht
1634 1435 1732 1467 nicht

162 1492 265 1520 von,
293 1481 442 1512 sondern
467 1482 539 1512 fiir
567 1482 696 1512 Hei-rat
721 1480 947 1523 geschrieben
965 1482 1020 1512 ist.

410 1637 491 1674 342.
528 1638 586 1679 (5.)
621 1638 722 1673 Item
746 1637 969 1682 Rhythmus
994 1638 1041 1672 de
1067 1638 1204 1672 Monte
1232 1638 1492 1674 Hohenburc.

803 1707 999 1749 (Appendix
1025 1709 1081 1743 ΙΙ).

161 1800 194 1837 1.
243 1797 359 1836 Η11116
382 1799 430 1835 ad
454 1804 617 1835 11101116111
641 1799 740 1836 vitae
763 1797 905 1836 fontem
978 1801 1015 1837 4.
1064 1796 1205 1836 Cantus
1247 1799 1385 1847 suavis,
1425 1803 1552 1846 gestus
1585 1799 1725 1848 gravis,

300 1855 499 1892 Derivavit
530 1856 665 1903 gratia,
1118 1856 1258 1893 Modus
1289 1856 1498 1902 pudicitiae

243 1910 458 1957 Ubertatis,
492 1911 678 1948 castitatis
1062 1911 1254 1949 Eternalis
1285 1912 1428 1959 absque
1460 1912 1569 1950 malis

301 1969 476 2005 Irrorans
507 1968 661 2008 solacia.
1118 1968 1233 2015 Signa
1264 1973 1351 2006 sunt
1381 1969 1564 2010 laetitiae.

157 2068 196 2110 2.
245 2068 385 2109 Gaude
415 2070 528 2118 13613,
561 2074 672 2107 631113
703 2074 823 2117 sueta,
981 2073 1016 2108 5.
1065 2069 1183 2116 Regis
1214 2075 1326 2107 natae
1358 2071 1412 2107 sic
1442 2074 1598 2108 ornatae

302 2126 448 2172 Gaude,
484 2126 618 2164 cohors
648 2126 847 2173 virginum,
1121 2126 1215 2163 Sunt
1245 2126 1292 2163 ab
1324 2127 1425 2163 intus
1457 2128 1640 2173 singulae,

243 2181 349 2220 Ordo
382 2184 486 2220 cuius
517 2188 626 2220 ornat
658 2183 768 2220 huius
1063 2182 1165 2220 Dant
1198 2182 1366 2220 fimbrias
1397 2188 1487 2220 tunc
1518 2195 1652 2221 aureas

301 2239 424 2276 Saeeli
462 2240 707 2278 domicilium.
1121 2239 1230 2276 Nunc
1261 2239 1469 2277 absconsae
1499 2241 1722 2287 gemmulae.

158 2342 194 2378 3.
241 2339 363 2378 Sacer
391 2341 527 2390 cultus,
570 2341 731 2388 simplex
765 2342 901 2387 vultus,
977 2343 1013 2380 6.
1061 2340 1092 2379 0
1125 2352 1210 2388 spes
1243 2346 1358 2386 certa,
1391 2352 1487 2389 quae
1515 2347 1649 2388 operta

298 2397 412 2434 Casta
442 2408 547 2434 mens
579 2402 617 2434 et
647 2398 812 2446 humilis,
1116 2398 1224 2435 Licet
1252 2398 1301 2435 sit
1332 2399 1368 2435 in
1401 2398 1570 2447 speculo,

242 2451 430 2503 Amatori,
466 2454 652 2491 servatori
1059 2453 1247 2502 Sponsum
1269 2455 1403 2500 Deum,
1426 2465 1552 2502 regem
1576 2465 1718 2505 verum,

300 2509 450 2546 Christo
482 2515 537 2547 est
569 2510 757 2548 amabilis.
1116 2511 1303 2548 videbitis
1331 2512 1453 2548 oculo.

244 2609 464 2650 Engelhardt
493 2622 524 2651 p.
553 2609 627 2643 131
652 2612 692 2642 A.
718 2628 761 2632 —
786 2610 952 2643 Albrecht
977 2621 1009 2652 p.
1035 2608 1101 2643 285
1126 2612 1166 2643 Β.
1191 2628 1234 2632 —-
1258 2609 1290 2650 2,
1315 2609 1336 2642 2
1361 2611 1481 2643 Gaude
1509 2610 1595 2642 fehlt
1619 2612 1658 2643 A.
1677 2629 1719 2632 —

155 2653 186 2693 5,
222 2654 235 2685 1
273 2659 356 2686 sunt
390 2659 531 2686 ornatae
565 2658 601 2687 B.
628 2673 671 2677 —-
696 2654 727 2694 5,
755 2654 776 2687 2
802 2656 859 2688 Sic
884 2657 927 2688 ab
953 2657 1048 2687 intus
1077 2657 1113 2686 Η.
1139 2672 1181 2676 -
1208 2657 1280 2687 Das
1306 2655 1575 2689 Akrostiehon.
1577 2657 1719 2699 ,Hugo
1784 2655 1785 2696 ξ

154 2700 321 2732 Saeerd
336 2699 400 2732 os
428 2701 581 2739 beweist,
608 2701 684 2732 dass
710 2702 798 2733 auch
824 2701 898 2733 dies
916 2701 1004 2733 Lied
1020 2701 1091 2732 fiir
1108 2701 1238 2733 Herrat
1254 2700 1494 2743 geschrieben,
1521 2681 1618 2733 1116111
1635 2712 1719 2733 νο11
1782 2727 1785 2744 e

154 2745 208 2777 ihr
233 2745 362 2777 verfass
366 2749 379 2776 t
403 2746 531 2777 wurde.
