1785 3111
747 91 1057 132 —212—

270 211 291 246 5
326 207 423 245 Olim
456 206 627 243 Romulei
658 210 853 243 servantes
883 207 1032 243 moenia
1062 207 1168 254 regni

383 263 612 301 Barbaricos
643 267 811 299 strarant
842 273 955 309 saepe
986 274 1163 300 mucrone
1192 264 1336 311 globos,

323 321 434 357 Nunc
465 319 590 356 ovium
624 319 766 356 Christi
797 320 1001 366 purissima
1032 324 1164 366 saepta
1195 325 1342 357 tuentes

380 376 630 413 Daemonicas
661 380 791 412 arcent
825 376 859 413 vi
891 369 1142 423 precibusque
1174 378 1305 415 minas.

324 433 404 470 Hos
435 433 549 469 morti
581 432 731 469 addixit
761 443 870 469 sacra
900 444 968 479 pro
1000 433 1081 480 lege
1113 438 1307 480 tyrannus

238 490 287 527 10
377 490 625 535 Contemptor
657 489 812 533 Christi,
845 490 1012 526 Iulianus
1047 490 1216 528 rabidus,

325 547 445 585 Unius
476 546 542 582 ille
574 546 646 582 Dei
679 546 819 583 cultum
851 546 956 592 prius
988 557 1052 583 ore
1084 545 1242 593 ferebat⁷

380 603 510 640 Donec
542 603 591 639 ad
624 603 769 639 culmen
801 603 1002 639 scanderet
1033 603 1195 650 imperii.

323 662 396 697 Ast
426 659 490 696 ubi
522 659 713 696 convaluit
743 659 880 696 misero
910 664 1062 696 terrena
1093 664 1275 708 potestaS‚

382 716 529 754 Idolum
561 727 650 752 vero
682 716 863 762 praetulit
888 716 953 752 ille
986 717 1078 755 Deo,

244 774 292 811 15
326 773 420 810 Tum
453 771 614 810 famulos
647 772 788 809 Christi
818 773 966 809 lanians
998 777 1034 809 et
1065 773 1245 820 sanguine
1276 778 1407 820 pastus

376 831 543 867 Innocuo
574 830 774 866 horrendis
806 829 925 866 saevit
955 829 1093 876 ubique
1123 829 1258 867 modis.

323 887 462 923 Verum
494 886 556 923 ubi
589 886 739 923 caelesti
773 887 971 932 prospexit
1003 886 1174 923 Christus
1206 886 1253 923 ab
1285 897 1373 923 arce

376 943 611 989 Audivitque
642 943 695 989 pii
726 944 920 989 sanguinis
952 943 1016 979 ille
1047 954 1192 989 preces,

322 999 532 1037 Confestim
563 1000 701 1036 misero
733 1000 880 1036 cladem
913 1000 1118 1037 exitiabilis
1150 1001 1265 1037 horae

239 1058 288 1095 20
382 1057 570 1104 Destinat,
602 1056 731 1093 hostili
763 1056 883 1094 hostis
914 1061 955 1093 ut
987 1067 1075 1093 ense
1106 1062 1203 1094 ruat.

323 1115 482 1152 Vastata
514 1113 673 1150 ecclesia
705 1114 840 1150 Persas
873 1113 911 1149 in
941 1113 1042 1150 bella
1074 1117 1228 1150 vocarat

376 1171 436 1207 Ac
465 1170 593 1206 multis
625 1174 778 1216 saeptus
810 1169 962 1206 milibus
993 1170 1074 1206 ibat
1103 1175 1225 1218 atrox,

320 1227 412 1265 Cum
443 1227 567 1263 subito
599 1231 750 1263 arentes
782 1227 925 1263 deserti
956 1227 1054 1263 ruris
1086 1227 1124 1263 in
1155 1237 1264 1273 agros

377 1284 540 1321 Devenit
574 1289 610 1320 et
642 1293 777 1320 cuneos
809 1283 937 1329 perdit
967 1283 1105 1329 ubique
1136 1295 1235 1327 suos,

238 1343 288 1379 25
322 1342 403 1387 Qua
437 1350 558 1386 neque
589 1340 710 1376 victus
738 1345 818 1377 erat
850 1351 918 1376 nec
950 1338 1033 1376 fons
1064 1351 1133 1376 nec
1163 1339 1326 1376 fluminis
1358 1340 1471 1385 unda,

377 1398 557 1436 Caumate
588 1397 655 1434 sed
686 1396 801 1433 nimio
831 1401 911 1433 tota
942 1397 1090 1434 iacebat
1120 1397 1266 1435 humus,

320 1454 493 1500 Dumque
523 1453 686 1492 fremens
718 1458 875 1499 montes,
909 1454 1027 1490 valles
1060 1464 1285 1500 camposque
1315 1458 1508 1500 peragrat,

378 1511 505 1548 Sicubi
539 1511 597 1547 vel
629 1504 777 1547 modico
809 1510 911 1547 stilla
942 1511 1087 1556 liquore
1117 1509 1221 1555 fluat,

320 1568 460 1605 Incidit
491 1568 672 1605 adversas
705 1567 890 1614 condigno
922 1577 1050 1603 errore
1083 1567 1289 1615 phalanges

235 1626 286 1663 30
380 1623 654 1671 Perfossusque
682 1628 764 1660 atra
797 1624 953 1670 cuspide
980 1628 1112 1670 pectus
1143 1623 1236 1661 obit.

290 1695 294 1700 ’
320 1681 395 1719 Sed
427 1681 583 1718 rabidus
615 1691 765 1727 semper
795 1685 832 1716 et
862 1680 900 1716 in
932 1681 1015 1727 ipsa
1046 1686 1165 1717 morte
1196 1680 1350 1716 rebellis

377 1737 553 1776 Infremit
584 1742 620 1774 et
651 1748 835 1774 summum
867 1737 936 1773 hac
967 1747 1058 1774 voce
1089 1737 1240 1774 lacessit
1271 1736 1423 1773 herum:

315 1794 444 1832 Ebibe
476 1805 574 1831 nunc
604 1799 786 1837 nostrum,
820 1804 929 1840 quem
962 1794 1124 1842 quaeris,
1160 1793 1321 1842 Christe,
1356 1803 1525 1830 cruorem

376 1853 502 1898 Atque
533 1851 667 1888 avidus
699 1851 774 1887 leto
804 1850 879 1887 iam
911 1851 1051 1887 satiare
1080 1861 1174 1888 meo.

235 1911 284 1947 35
319 1908 394 1944 Ille
425 1909 577 1955 quidem
609 1908 703 1944 tales
735 1908 833 1943 iusto
864 1907 932 1944 sub
965 1907 1091 1944 iudice
1123 1918 1263 1953 poenas

374 1965 560 2009 Exsolvit,
594 1968 679 2010 post
711 1965 803 2000 haec
834 1964 998 2001 Tartara
1029 1974 1141 2001 caeca
1171 1968 1315 2010 petens.

316 2023 365 2059 At
402 2021 555 2058 Domini
587 2025 702 2057 testes
734 2025 884 2057 sacrato
915 2021 1095 2067 sanguine
1126 2021 1195 2057 loti

378 2079 530 2115 Vertice
555 2078 745 2124 laurigero
777 2077 904 2114 sidera
937 2078 1037 2114 celsa
1068 2082 1213 2126 petunt,

317 2137 417 2183 Quos
450 2140 536 2182 toga
568 2133 730 2182 pacifico
764 2134 876 2170 vestit.
907 2133 1150 2181 praefulgida
1185 2134 1286 2170 cultu

233 2193 286 2230 40
376 2192 586 2239 Regalique
617 2191 735 2228 ambit
767 2202 935 2238 purpura
969 2192 1071 2228 clara
1102 2191 1226 2237 peplo.

317 2249 396 2285 Hos
429 2259 496 2285 ceu
528 2247 748 2285 fructiferas
780 2247 918 2284 florens
950 2247 1151 2294 paradisus
1183 2247 1301 2284 olivas

375 2306 522 2351 Irriguo
555 2305 655 2342 vitae
686 2306 824 2351 iugiter
856 2315 965 2341 amne
995 2305 1108 2350 rigat.

318 2362 367 2398 Hi
400 2367 483 2398 sunt
517 2366 671 2398 aeterno
705 2361 935 2398 candelabra
967 2359 1115 2407 fulgida
1146 2360 1287 2406 templo

375 2418 577 2464 Progenies
610 2419 703 2454 lucis
737 2424 773 2454 et
804 2418 958 2464 pietatis
990 2418 1120 2462 honos,

231 2477 283 2513 45
327 2474 485 2511 Sidereo
517 2475 595 2520 regi
627 2474 778 2511 sublimi
810 2485 960 2520 semper
990 2474 1028 2510 in
1060 2474 1144 2509 aula

374 2533 570 2571 Astantes,
604 2532 753 2577 populis
785 2532 847 2577 qui
880 2531 942 2576 pia
974 2535 1061 2567 vota
1093 2528 1233 2566 ferunt.

317 2588 479 2632 Quorum
513 2588 700 2633 propitius
734 2587 909 2633 precibus
942 2598 1008 2623 nos
1040 2586 1200 2632 respice.
1235 2583 1398 2630 Christe,

374 2644 424 2681 Et
456 2655 590 2691 purga,
623 2644 848 2685 obscaenum
880 2642 1065 2690 quidquid
1095 2642 1219 2678 inesse
1250 2641 1368 2678 vides.

205 2756 287 2789 Cod.
313 2757 466 2787 Parisin.
494 2752 582 2787 2832
609 2765 698 2786 saec.
725 2754 756 2786 9.
782 2773 826 2775 —
858 2754 1039 2786 Diimmler
1064 2754 1115 2791 11,
1152 2751 1215 2784 541
1242 2763 1273 2783 u.
1301 2752 1322 2782 f.
1348 2769 1390 2772 ——
1426 2750 1446 2782 4
1465 2753 1575 2783 [nica
1601 2761 1681 2782 mox

111 2802 245 2834 fratres.
270 2819 314 2823 —-
344 2799 394 2832 14.
422 2801 574 2833 Idolium
601 2811 694 2832 vero.
