1785 3111
761 91 811 94 —
873 67 954 107 628
1015 90 1070 95 ——

468 177 545 211 410.
581 177 640 218 (6.)
675 178 732 212 De
760 177 987 213 Nativitate
1012 177 1158 212 beatae
1184 177 1356 213 Mariae.

388 260 553 297 Humani
585 261 734 307 generis
767 264 870 297 sator
903 265 941 297 et
971 261 1034 307 qui
1065 271 1222 309 parcere
1253 261 1370 306 lapsis

387 317 570 367 Instituis,
604 317 771 354 maculas
802 317 945 359 veteris
978 317 1161 364 rubiginis
1193 316 1301 354 aufer

386 374 573 424 Argeum,
605 373 792 411 thalamus
824 373 894 410 tibi
929 374 978 410 sit
1004 385 1075 420 quo
1104 374 1209 421 virgo
1236 372 1414 420 refulges

220 462 302 494 Cod.
321 462 471 494 Parisin.
491 459 590 494 5931.
617 472 706 494 saec.
737 460 786 493 14.
806 481 849 485 —
870 462 1021 503 ‚,Iacobi‚
1052 463 1162 494 sancti
1182 462 1324 504 Georgii
1350 462 1393 494 ad
1418 461 1534 494 velum
1553 472 1699 494 aureum

129 507 266 538 diaconi
304 507 512 546 cardinalis,
551 508 591 539 de
631 508 816 539 nativitate
848 508 1024 549 gloriosae
1059 509 1125 539 Dei
1158 509 1346 550 genetricis
1378 508 1526 549 virginis
1560 509 1696 540 Mariae

128 552 256 584 dudum
282 552 410 584 factum
435 553 612 584 heroicum
638 551 810 585 carmen&

408 697 489 733 411.
526 698 584 739 (7.)
621 698 679 732 De
704 697 1026 733 Annuntiatione
1052 698 1198 733 beatae
1224 697 1419 741 Virginis.

357 781 500 827 Tuque,
534 791 649 827 super
680 782 824 818 cunctis
856 781 1058 819 benedicta
1089 791 1292 829 puerpera,
1327 781 1441 831 salve,

360 837 529 887 Virgula,
565 848 660 884 quae
692 849 870 884 sponsum
902 838 1038 883 nescis,
1071 849 1185 884 quam
1218 839 1341 886 gratia
1373 837 1471 875 sacri

355 894 539 932 Flaminis
570 894 744 942 irradiat,
777 895 881 931 caelo
913 895 1028 932 maris
1060 895 1186 932 adnue
1217 895 1336 933 sidus.

220 983 301 1042 Coq‘.
334 983 486 1015 Parisin.
524 981 624 1015 5931.
662 993 751 1015 saec.
792 982 844 1015 14.
882 1002 924 1005 —
963 984 1151 1024 „Eiusdem
1186 984 1227 1016 de
1259 984 1536 1016 Annuntiatione
1573 984 1697 1016 beatae

126 1039 274 1070 vlrginis
302 1052 309 1061 .

553 1128 634 1164 412.
671 1129 728 1170 (8.)
764 1130 820 1163 De
846 1128 1071 1164 Nativitate
1098 1129 1270 1165 Christi.

299 1213 379 1250 Iam
411 1223 581 1261 puerum,
614 1212 701 1258 iam,
734 1222 876 1249 summe
906 1216 1028 1258 pater,
1061 1218 1146 1259 post
1177 1216 1349 1259 tempora
1385 1215 1512 1248 natum

296 1269 534 1315 Accipimus,
567 1269 732 1317 genitum
764 1269 834 1305 tibi
866 1280 975 1316 quem
1006 1280 1073 1306 nos
1106 1279 1188 1305 esse
1221 1279 1402 1306 coaevum

299 1325 498 1363 Credimus
530 1326 692 1372 hincque
723 1326 797 1363 olei
829 1326 1015 1362 scaturire
1046 1326 1253 1372 liquamina
1284 1325 1449 1362 Tibrim.

221 1415 305 1447 Cod.
330 1416 483 1447 Parisin.
507 1412 607 1447 5931.
633 1425 721 1447 saec.
741 1412 808 1456 [15.
831 1411 897 1456 lu]
920 1413 970 1446 14.
988 1432 1031 1437 ——
1049 1415 1239 1455 „Eiusdem
1256 1415 1297 1447 de
1316 1414 1511 1447 Nativitate
1530 1412 1695 1447 Ch1·isti“.

353 1560 434 1596 413.
472 1560 529 1601 (9.)
564 1560 622 1595 De
648 1559 896 1595 Adoratione
924 1560 964 1594 et
993 1559 1208 1595 Oblatione
1230 1550 1459 1602 Magorum.

315 1686 317 1691 ¹
358 1643 543 1682 Gentibus
574 1643 723 1689 ignotus
754 1642 865 1679 stella
897 1642 991 1679 duce
1021 1642 1190 1678 noscitur
1220 1640 1347 1678 infans

351 1701 395 1738 In
426 1709 634 1746 praesaepe
664 1699 805 1744 iacens,
839 1699 933 1735 caeli
967 1702 1166 1745 terraeque
1197 1697 1383 1745 profundi

354 1756 538 1795 Conditor
568 1760 680 1802 atque
710 1756 808 1801 magi
841 1766 1019 1805 murram,
1054 1759 1126 1801 tuS,
1154 1755 1293 1801 accipit
1327 1766 1473 1793 aurum.

217 1846 299 1879 Cod.
323 1846 475 1878 Parisin.
501 1843 600 1877 5931.
631 1855 720 1876 saec.
748 1843 799 1877 14.
832 1862 877 1865 —
910 1844 1099 1886 „Eiusdem
1135 1843 1177 1876 de
1210 1844 1415 1877 adoratione
1448 1849 1482 1877 et
1513 1845 1692 1878 oblatione

124 1890 341 1934 Magorum“.

405 1990 486 2026 414.
523 1990 603 2032 (10.)
639 1990 696 2025 De
723 1989 1016 2025 Purificatione
1042 1990 1189 2025 beatae
1216 1989 1410 2033 Virginis.

360 2073 516 2112 Sistitur
545 2073 584 2110 in
614 2073 756 2119 templo
786 2083 880 2119 puer
911 2075 948 2108 et
978 2071 1162 2108 Simeonis
1196 2072 1235 2108 in
1265 2073 1374 2108 ulnas

356 2131 571 2178 Accipitur,
605 2130 663 2167 cui
696 2129 822 2167 danda
849 2128 967 2175 quies,
998 2139 1086 2164 nam
1116 2128 1261 2165 lumina
1291 2128 1391 2164 servi

356 2187 597 2234 Conspexere
627 2187 762 2233 Deum,
794 2186 937 2223 clarum
969 2185 1078 2221 iubar
1108 2184 1282 2221 omnibus
1312 2188 1448 2223 ortum.

219 2277 303 2309 Cod.
339 2277 491 2308 Parisin.
529 2273 628 2308 5931.
666 2286 754 2307 saec.
791 2273 843 2306 14.
882 2292 926 2295 -—
965 2273 1151 2313 „Eiusdem
1188 2273 1229 2305 de
1267 2273 1446 2305 oblatione
1482 2273 1613 2306 Christi
1654 2275 1690 2305 in

126 2323 254 2365 templo
282 2322 436 2354 Simeoni
463 2323 538 2353 sive
563 2322 605 2353 de
629 2321 878 2353 Purificatione
904 2320 1025 2351 beatae
1051 2317 1236 2360 virginis“.

412 2466 493 2503 415.
529 2467 610 2509 (11.)
644 2466 702 2500 De
727 2465 1009 2509 Assumptione
1034 2465 1179 2500 beatae
1205 2463 1400 2507 Virginis.

381 2550 444 2587 Ad
476 2551 609 2586 summi
641 2549 770 2596 regina
800 2548 978 2585 thronum
1011 2546 1184 2584 defertur
1213 2547 1252 2584 in
1281 2547 1397 2584 altum

382 2606 576 2653 Angelicis
608 2605 781 2652 praelata
811 2605 948 2651 choris,
982 2604 1041 2641 cui
1073 2603 1196 2643 fertur
1227 2607 1263 2640 et
1292 2603 1375 2650 ipse

383 2662 504 2699 Filius
533 2672 747 2710 occurrens,
781 2665 939 2698 matrem
971 2671 1086 2707 super
1113 2660 1268 2698 aethera
1298 2660 1416 2706 ponit.

219 2752 302 2784 Cod.
339 2752 490 2784 Parisin.
528 2748 627 2783 5931.
665 2760 753 2782 saec.
793 2748 844 2782 14.
885 2767 927 2772 —
970 2750 1158 2790 „Eiusdem
1198 2749 1239 2780 de
1277 2749 1524 2790 Assumptione
1565 2749 1688 2781 beatae

128 2795 308 2839 virginis·“.
