1785 3111
801 83 1079 122 “40-

406 202 445 238 4.
505 199 667 236 Fercula
699 200 829 234 nostra
859 197 978 234 Deum
1010 199 1173 244 sapiant,

506 255 679 294 Christus
711 260 745 290 et
778 252 909 291 influat
940 255 977 290 in
1010 259 1184 302 pateras3

504 312 625 359 Seria,
656 311 818 358 ludrica,
852 311 979 360 verba,
1013 311 1128 355 iocos,

505 368 687 414 Denique,
721 368 821 414 quod
852 364 979 404 sumus
1010 372 1073 404 aut
1104 368 1261 416 agimus,

504 424 619 462 Trina
652 434 814 471 superne
845 428 951 471 regat
981 424 1116 471 pietas.

407 540 443 578 5.
506 539 577 576 Hic
608 538 699 574 mihi
730 538 834 575 nulla
865 548 973 575 rosae
1004 538 1139 585 spolia,

504 595 641 632 Nullus
672 599 839 632 aromate
870 593 1014 642 fragrat
1047 595 1153 644 odor,

506 652 583 690 Sed
612 652 738 698 liquor
766 650 891 688 influit
922 651 1146 697 ambrosius,

502 709 804 756 Nectareamque
834 708 947 746 fidem
981 708 1126 745 redolet

501 767 624 804 Fusus
656 765 703 802 ab
735 776 851 812 usque
883 765 1002 813 patris
1034 766 1188 812 gremio.

408 882 444 920 6.
505 880 576 928 Da,
609 880 779 926 locuples
813 879 926 928 Deus,
958 879 1029 916 hoc
1061 877 1212 916 famulis

502 937 589 974 Rite
620 936 878 982 precantibus,
912 940 951 972 ut
984 937 1087 972 tenui

501 993 675 1030 Membra
708 994 791 1029 cibo
824 998 994 1030 recreata
1026 994 1165 1039 levent,

503 1050 586 1087 Neu
615 1051 725 1097 piger
756 1050 968 1087 immodicis
1002 1050 1162 1096 dapibus

503 1107 658 1144 Viscera
689 1111 797 1144 tensa
828 1112 957 1154 gravet
991 1106 1220 1143 stomachus.

405 1222 439 1259 7.
501 1221 669 1258 Haustus
700 1232 850 1257 amarus
880 1221 1011 1257 abesto
1043 1221 1187 1268 procul.

502 1278 581 1314 Nec
613 1277 728 1315 libeat
761 1278 932 1325 tetigisse
963 1289 1075 1314 mauu

500 1335 667 1378 Exitiale
699 1335 788 1382 quid
820 1339 884 1372 aut
914 1335 1084 1375 vetitum,

501 1391 641 1429 Gustus
674 1397 707 1428 et
740 1392 822 1438 ipse
854 1392 1006 1428 modum
1037 1395 1174 1436 teneat,

501 1448 667 1495 Sospitet
699 1453 737 1485 ut
770 1449 875 1485 iecur
904 1449 1103 1486 incolume.

208 1558 371 1600 Sequent.
398 1571 459 1591 ms.
487 1561 768 1592 Emmeramense
795 1571 884 1592 saec.
914 1558 963 1591 1‘2.
983 1561 1068 1591 Clm.
1087 1561 1268 1591 Monaceu.
1291 1556 1408 1590 14845.
1426 1576 1471 1580 —
1487 1556 1518 1594 2,
1543 1557 1558 1589 l
1578 1559 1683 1590 Hinc.

112 1619 157 1625 -
183 1602 214 1641 3,
242 1603 262 1636 4
288 1606 470 1638 imbuerat.
490 1623 533 1628 -—
557 1606 588 1643 4,
614 1605 635 1638 4
660 1607 761 1648 quid:
789 1616 945 1649 agamus.
963 1623 1004 1627 —
1030 1605 1062 1644 4,
1089 1605 1109 1637 5
1134 1614 1294 1646 superna.
1313 1622 1357 1626 —-
1381 1602 1412 1642 5,
1438 1602 1459 1635 2
1484 1605 1617 1646 flagrat.
1639 1620 1681 1625 —

552 1784 610 1820 41.
648 1786 756 1827 (1621.)
792 1786 939 1821 Versus
965 1786 1057 1829 post
1086 1784 1238 1820 Cibum.

687 1867 855 1906 (Cathem.
882 1868 942 1904 IV,
969 1864 1100 1905 1—23).

323 1982 358 2021 1.
407 1982 530 2019 Pastis
564 1982 770 2019 visceribus
803 1982 960 2028 ciboque
992 1991 1153 2028 sumth

406 2040 523 2085 Quem
555 2040 616 2076 lex
648 2039 819 2086 corporis
850 2038 1041 2075 imbecilla
1072 2038 1203 2085 poscit,

407 2095 575 2132 Laudem
607 2096 733 2143 lingua
766 2095 846 2133 Deo
877 2096 976 2144 patri
1010 2095 1219 2143 1·ependat;

321 2221 358 2260 2.
407 2220 523 2264 Patri,
557 2221 618 2267 qui
649 2219 850 2258 Cherubim
884 2221 1003 2256 sedile
1035 2230 1182 2256 sacrum

406 2276 486 2313 Nec
518 2289 591 2314 non
622 2282 657 2313 et
690 2277 888 2324 Seraphim
921 2288 1028 2313 suum
1059 2287 1234 2323 supremo

407 2332 596 2371 Subnixus
627 2334 722 2370 solio
754 2338 858 2372 tenet
888 2334 1070 2380 regitque.

322 2459 360 2496 3.
408 2458 480 2494 Hic
512 2463 580 2498 est,
613 2469 722 2504 quem
754 2458 919 2495 Sabaoth
952 2458 1072 2495 Deum
1105 2468 1291 2499 vocamus,

405 2514 558 2559 Expers
591 2515 770 2561 principii
803 2524 1009 2561 carensque
1040 2513 1124 2556 fine,

407 2570 546 2608 Rerum
580 2571 754 2607 conditor
785 2577 821 2608 et
853 2576 1026 2618 repertor
1056 2570 1172 2613 orbis,

321 2697 358 2733 4.
408 2695 510 2732 Fons
543 2695 641 2731 vitae
672 2694 815 2741 liquida
846 2694 966 2731 fluens
997 2694 1044 2732 ab
1076 2704 1172 2741 arce,

406 2750 559 2789 Infusor
589 2750 689 2800 fidei,
724 2755 827 2788 sator
857 2752 1026 2798 pudoris,

407 2807 544 2844 Mortis
577 2807 823 2854 perdomitor,
857 2808 990 2844 salutis
1022 2812 1162 2844 auctor.
