1785 3111
230 435 421 467 Comment.
448 434 537 465 Bibl.
564 444 625 464 ms.
652 443 740 465 saec.
770 432 820 464 11.
870 433 953 465 Cod.
979 433 1206 473 Rotomagen.
1235 430 1297 465 148
1322 433 1363 472 (A
1389 430 1477 473 202).
1502 433 1580 465 add.
1610 443 1702 465 saec..

136 479 188 512 12.
215 481 255 511 A.
281 498 325 500 —
349 479 575 520 Beaugendre
601 479 665 509 col.
694 477 780 510 1546
806 479 844 509 B.
863 495 906 499 —
922 479 1030 509 Diese
1057 477 1178 508 Oratio
1205 478 1292 521 folgt
1317 478 1380 510 auf
1399 478 1456 510 die
1473 479 1556 510 Vita
1580 478 1700 519 rhyth-

738 525 795 556 Sie
830 524 875 554 ist
909 524 982 554 also
1016 524 1081 554 wie
1115 523 1211 555 diese
1240 526 1276 555 in
1300 525 1451 565 Angers,
1488 524 1614 555 mithin
1637 534 1704 556 vor

138 569 240 609 1096,
274 570 517 612 geschrieben3
552 569 643 600 deun
677 569 732 600 die
758 569 945 609 Reliquien
977 568 1090 600 dieser
1115 569 1300 610 Heiligen,
1333 580 1403 600 von
1433 569 1538 601 deren
1562 570 1701 611 Tragen

135 618 182 648 im
215 617 402 658 Bittgange
435 615 530 647 diese
561 614 682 646 Oratio
716 615 829 652 redet,
862 614 1033 645 befanden
1063 613 1137 644 sich
1170 616 1206 645 in
1239 616 1383 656 Angers.

135 527 225 557 mica
255 525 316 557 der
349 525 473 556 beiden
505 525 687 565 Mfirtyrer.

763 62 818 65 --
877 38 959 78 390
1027 59 1068 63 κ

548 156 584 192 9.
634 152 749 190 Vobis
780 162 884 188 meus
917 151 1121 188 deservivit

691 209 960 255 qualiscunque
991 209 1169 256 calamuS,

634 266 706 302 Per
737 276 803 302 vos
834 264 965 301 mundi
996 269 1240 301 conservator

692 322 784 358 mihi
815 322 863 357 sit
889 321 1097 371 ‚propitius

134 663 221 703 Aug.
249 662 307 699 VI,
334 659 410 692 547.
436 672 468 691 n.
495 658 526 692 9.

226 708 310 739 Dies
336 707 464 743 Gebet,
491 706 552 737 das
578 716 622 737 an
647 705 714 737 den
742 704 879 736 Schluss
905 706 1000 736 einer
1025 706 1098 735 vita
1125 705 1268 736 metrica
1293 705 1352 736 der
1377 704 1504 736 beiden
1527 705 1702 746 Miirtyrer

137 752 303 795 angefiigt
328 754 382 790 ist.
419 752 473 783 die
501 751 687 792 alig-emein
712 751 767 782 fiir
792 749 1014 782 authentisch
1042 749 1240 791 angesehen
1264 750 1361 788 wird,
1386 751 1433 781 ist
1457 750 1510 781 fiir
1535 760 1600 782 uns
1625 750 1701 782 des-

136 795 218 829 halb
248 808 318 829 von
348 796 598 838 Wichtigkeit,
632 796 711 827 weil
744 807 780 827 es
813 797 878 827 wie
912 795 968 826 die
994 797 1076 826 Vita
1109 795 1174 826 den
1200 795 1384 827 Nachweis
1418 796 1590 837 erbringt,
1623 795 1700 827 dass

133 843 282 875 Marbod
315 853 350 874 es
385 843 458 873 sich
494 843 548 873 bei
581 841 780 873 reimenden
804 840 1047 872 trochfiischen
1072 842 1311 872 Tetrametern
1335 842 1399 872 mit
1426 841 1502 872 dem
1528 841 1702 883 stumpfen

140 890 275 927 Reime‚
300 889 363 919 mit
388 888 448 920 der
473 892 711 929 sogenannten
736 888 916 918 Assonanz
941 889 1101 927 geniigen
1126 885 1214 917 liess.

235 1682 306 1719 10<

239 1964 288 2001 15

237 2247 288 2283 20

473 1066 555 1102 300.
596 1065 653 1107 (2.)
692 1066 746 1100 De
772 1065 1089 1100 Annuntiatione
1115 1066 1162 1100 B.
1189 1066 1358 1101 Mariae.

336 1172 476 1209 Missus
507 1171 556 1208 ad
589 1171 780 1218 egregiam
815 1170 972 1207 Gabriel
1004 1171 1089 1208 tulit
1122 1171 1195 1207 ista
1225 1171 1408 1209 Mariam:

333 1227 480 1267 Innuba
510 1238 672 1276 semper,
706 1238 788 1272 ave,
820 1226 888 1264 flos
921 1228 1079 1274 pulcher
1112 1228 1290 1273 olensque
1321 1238 1447 1273 suave³

336 1285 530 1323 Christum
561 1289 693 1321 ventre
726 1283 838 1333 feres,
872 1284 1073 1321 benedicta
1106 1294 1220 1330 super
1252 1284 1440 1330 mulieres,

336 1342 444 1379 Solus
477 1342 549 1382 erit
580 1341 718 1389 salvus,
750 1345 815 1377 tua
846 1351 954 1387 quem
987 1341 1193 1377 salvaverit
1223 1341 1342 1378 alvus,

335 1398 395 1435 Ex
428 1404 463 1434 te
494 1397 684 1445 nascetur.
718 1398 780 1444 qui
811 1403 961 1444 sceptra
994 1397 1118 1434 David
1150 1397 1381 1442 moderetur,

336 1455 393 1492 De
425 1453 549 1491 fructu
581 1455 686 1491 cuius
718 1464 804 1500 spes
836 1454 1014 1502 germinis
1046 1454 1147 1490 exiet
1179 1454 1301 1499 huius,

336 1511 446 1548 Nunc
479 1516 513 1547 et
544 1512 582 1548 in
615 1516 807 1547 aeternum
836 1516 941 1557 geret
972 1511 1033 1546 hic
1065 1510 1237 1547 diadema
1271 1516 1482 1562 paternum,

338 1569 442 1605 Iesus
474 1568 544 1604 erit
579 1568 713 1616 dictus,
747 1578 862 1614 super
891 1567 1015 1604 omnia
1048 1577 1113 1603 rex
1147 1566 1383 1605 benedictus.

337 1626 365 1662 O
398 1624 491 1661 felix
525 1623 669 1661 fructus
703 1628 852 1661 vertens
884 1625 921 1660 iu
954 1625 1090 1670 gaudia
1121 1624 1256 1669 luctus,

335 1682 363 1719 O
393 1692 545 1728 germen
577 1687 761 1728 sanctum,
794 1692 914 1727 neque
945 1680 1021 1717 tale
1053 1679 1123 1716 fuit
1153 1691 1273 1726 neque
1304 1682 1468 1716 tantum!

335 1738 489 1775 Talibus
521 1738 661 1774 auditis
695 1737 821 1773 reddit
851 1738 1069 1783 virguncula
1100 1737 1222 1773 mitis:

335 1794 527 1840 Quomodo
559 1794 767 1839 concipiam
800 1794 859 1831 vel
892 1799 1012 1830 mater
1042 1794 1228 1840 quomodo
1261 1792 1359 1839 riam,

335 1854 450 1896 Quae⁷
483 1850 580 1887 sicut
612 1850 707 1899 vovi,
742 1861 862 1896 neque
893 1861 1006 1886 nosco
1037 1850 1157 1886 virum
1189 1861 1309 1896 neque
1341 1849 1456 1886 novi‘?

335 1908 542 1953 corruptos
575 1912 679 1943 artus
711 1907 882 1952 sequitur
914 1906 1109 1952 conceptio
1138 1912 1294 1956 partu33

337 1967 438 2008 Quae
470 1963 607 1999 coitum
640 1964 771 2012 nescit,
805 1968 937 1999 venter
968 1974 1055 1999 suus
1086 1963 1187 1999 unde
1217 1962 1422 2000 tumescit?

339 2021 491 2067 Virgine
523 2020 577 2056 sic
608 2018 685 2057 fata
720 2031 791 2056 vox
823 2025 879 2056 est
912 2020 1040 2056 divina
1070 2019 1212 2056 relata:

336 2077 538 2124 Progenies
571 2077 684 2119 Iesse.
719 2076 820 2112 Deus
852 2081 907 2112 est
939 2076 1001 2122 qui
1030 2076 1086 2112 'sic
1117 2076 1220 2112 iubet
1252 2086 1345 2122 esse,

335 2133 480 2179 Quique
510 2133 643 2169 iubens
675 2143 756 2169 esse
785 2131 877 2169 facit
909 2143 990 2169 esse
1020 2132 1184 2169 iubendo
1215 2143 1380 2171 neccsse.

336 2190 500 2236 Spiiitus
531 2195 706 2226 aeternus
737 2189 819 2235 tibi,
853 2195 973 2235 casta,
1007 2188 1188 2235 favorque
1220 2194 1400 2235 paternus

336 2248 441 2283 Intus
473 2246 711 2283 obumbrabit
745 2251 987 2292 ventremque
1018 2252 1121 2282 tuum
1152 2245 1378 2292 gravii-labit,

336 2302 456 2339 Filius
487 2303 569 2349 ipse
602 2302 685 2348 Dei,
719 2304 839 2339 noctis
871 2308 974 2339 sator
1005 2306 1116 2349 atque
1148 2302 1236 2348 diei,

337 2359 476 2395 Rector
506 2360 706 2408 caelorum,
739 2359 842 2396 Deus
874 2365 911 2395 et
945 2359 1116 2400 dominus
1147 2359 1395 2405 dominomm,

334 2415 501 2452 Naturae
533 2416 713 2462 geminae.
750 2416 830 2452 sine
860 2415 1063 2462 principio,
1096 2416 1175 2453 sine
1208 2415 1293 2461 fine,

339 2471 501 2508 Ultimus
534 2478 568 2508 et
602 2473 758 2521 primus,
793 2473 936 2520 longus,
970 2472 1107 2517 brevis,
1140 2473 1238 2509 altus
1270 2476 1306 2508 et
1337 2472 1447 2517 imus,

342 2528 523 2565 Parvulas
556 2534 591 2564 et
623 2539 790 2576 magnus,
824 2539 979 2575 magnus
1011 2529 1082 2574 leo,
1113 2528 1293 2575 parvulus
1324 2539 1454 2577 agnus,

331 2584 390 2620 Ex
422 2590 458 2620 te
489 2585 672 2631 mortalis7
706 2585 827 2631 qualis
859 2589 980 2631 pater,
1011 2595 1056 2621 ex
1087 2591 1195 2631 patre
1227 2585 1326 2623 talis,

331 2640 381 2677 Et
412 2645 462 2689 tu,
496 2641 605 2677 stella
636 2642 764 2688 maris,
795 2641 943 2678 miseris
975 2642 1048 2678 eris
1080 2641 1314 2683 auxiliatrix,

334 2696 427 2743 Spes
459 2702 713 2744 peccatorum,
746 2698 876 2744 regina
906 2697 1015 2735 beata
1047 2698 1229 2745 polorum,

335 2753 377 2789 In
409 2754 520 2789 terris
553 2753 640 2790 totis
670 2754 745 2799 pia.
778 2759 909 2791 sancta
940 2754 1124 2791 vocabere
1155 2753 1263 2799 votis,

1432 615 1500 647 Cfr.
1526 615 1612 646 Acta
1637 614 1699 648 SS.

1780 156 1785 178 *A
1777 0 1785 145 -n.-.=...-

1744 2997 1782 3111 mt-
1763 2942 1769 2969 -
