1785 3111
781 171 836 174 —
895 147 948 187 315
1010 171 1058 175 —

156 264 193 303 3.
226 262 338 300 Nunc
367 263 585 310 angelorum
618 262 809 309 particeps
974 263 1011 301 6.
1044 261 1214 299 Decursa
1245 262 1317 298 iam
1351 262 1443 298 satis
1475 262 1545 299 tibi

227 319 402 357 Colluces
432 319 569 365 insigni
601 318 707 365 stola,
1043 319 1191 356 Poenae
1222 319 1379 356 minacis
1410 320 1550 367 munia,

222 376 340 421 Quam
372 375 479 412 testis
511 374 754 411 indomabilis
915 371 919 374 ’
1046 375 1281 422 Pulchroque
1313 376 1445 412 mortis
1478 377 1581 413 exitu

223 432 330 470 Rivis
364 432 508 469 cruoris
540 432 700 468 laveras,
1043 432 1173 469 Omnis
1204 437 1360 479 peracta
1392 436 1449 468 est
1484 433 1621 479 passio,

158 525 196 562 4.
229 523 324 569 Quin
356 528 391 558 et
423 521 639 568 frequentes
671 522 793 569 angeli
978 524 1013 560 7.
1045 524 1075 560 O
1106 523 1213 559 miles
1244 524 1504 572 invictissime,

231 579 341 616 Stant
372 582 409 615 et
439 579 645 625 loquuntur
667 579 886 627 comminus,
1046 579 1353 617 Fortissimorum
1394 579 1542 630 fortior⁷

225 637 390 682 Quorum
420 646 516 671 unus
548 646 613 672 ore
643 635 837 684 augustior
1047 637 1126 672 Iam
1159 641 1196 673 te
1226 637 1311 683 ipsa
1341 647 1455 674 saeva
1486 642 1523 673 et
1553 647 1690 683 aspera

227 692 438 739 Compellat
469 692 526 728 his
559 692 671 729 dictis
704 692 847 730 virum:
1049 693 1251 730 Tormenta
1285 693 1463 730 victorem
1496 697 1674 734 tremunt.

159 785 194 821 5.
230 782 416 829 Exsurge,
448 786 595 831 martyr
624 784 765 831 inclite,
974 787 1010 824 8.
1045 785 1177 822 Gloria
1208 783 1289 832 tibi,
1323 784 1494 827 Domine.

224 839 398 887 Exsurge
426 850 581 876 securus
613 841 679 886 tui,
1046 841 1178 879 Gloria
1207 841 1401 888 unigenito

220 896 396 943 Exsurge
429 900 465 932 et
497 897 606 934 almis
641 899 812 935 coetibus
1044 899 1128 936 Una
1160 908 1241 934 cum
1275 901 1405 934 sancto
1437 897 1574 944 spiritu

224 952 365 990 Noster
395 953 537 990 sodalis
569 954 725 991 addere.
1045 956 1086 991 In
1119 955 1351 1000 sempiterna
1381 954 1543 992 saecula.

229 1043 330 1074 Brev.
363 1052 426 1074 ms.
460 1043 683 1075 Bisuntinum
718 1054 807 1075 saec.
844 1043 895 1076 1-3.
949 1045 1031 1076 cod.
1066 1045 1239 1075 Bisuntin.
1271 1041 1325 1075 65.
1356 1043 1396 1074 A.
1430 1061 1473 1064 —
1506 1045 1608 1076 Brev.
1641 1056 1701 1076 ms.

138 1087 371 1119 Cabilonense
389 1098 477 1120 saec.
499 1086 551 1119 15.
593 1090 675 1121 Cod.
703 1092 832 1122 Semin.
855 1090 1008 1122 Aeduen.
1028 1102 1052 1121 s.
1072 1101 1104 1120 n.
1123 1090 1161 1120 B.
1180 1108 1223 1111 —
1240 1090 1342 1121 Brev.
1364 1099 1426 1120 ms.
1444 1089 1703 1122 Matisconense

136 1142 224 1164 saeC.
262 1131 311 1164 15.
362 1134 445 1165 cod.
478 1134 684 1175 Lugdunen.
723 1133 817 1166 1052.
846 1137 882 1168 C.
920 1153 956 1156 —
985 1135 1145 1167 Officium
1180 1135 1213 1165 S.
1248 1135 1444 1172 Vineentii,
1478 1135 1641 1176 martyris
1668 1139 1703 1167 et

134 1178 263 1210 levitae
301 1178 637 1220 Caesel-augustani.
671 1182 810 1222 patroni
840 1182 988 1223 insignis
1015 1181 1181 1212 ecclesiae
1206 1181 1406 1211 Bernensis.
1432 1181 1514 1221 imp.
1539 1180 1703 1212 Basileae

137 1221 234 1255 1515.
269 1225 309 1255 D.
349 1242 393 1245 —
427 1226 493 1257 Str.
519 1223 540 1256 4
565 1224 651 1256 fehlt
675 1226 776 1256 Ami.
803 1244 846 1247 —
873 1228 940 1259 Str.
966 1225 986 1257 5
1012 1226 1096 1258 fehlt
1122 1227 1188 1258 BC.
1215 1244 1259 1246 ἶ
1284 1226 1351 1257 Str.
1378 1224 1398 1256 6
1422 1225 1509 1256 fehlt
1531 1226 1633 1258 ABG.
1659 1245 1701 1249 —

138 1268 205 1300 Str.
245 1268 264 1301 7
302 1270 389 1302 fehlt
424 1270 494 1302 BC.
532 1289 575 1293 —
616 1271 708 1303 Statt
744 1272 810 1303 Str.
847 1270 868 1302 4
906 1272 939 1303 ff.
982 1277 1099 1303 setzen
1136 1272 1194 1303 BC
1231 1271 1286 1302 die
1319 1270 1478 1313 folgende
1511 1270 1608 1302 nieht
1639 1281 1701 1303 aus

133 1314 344 1347 Prudentius
370 1315 547 1347 entlehnte
574 1316 722 1357 Strophe
748 1319 822 1348 ein:

657 1377 753 1421 Ergo
779 1384 822 1417 te,
850 1384 990 1421 martyr,
1016 1380 1190 1421 supplices

654 1425 852 1463 Precamur,
878 1430 916 1457 ut
940 1436 1003 1457 nos
1028 1426 1150 1456 visites

655 1471 796 1512 Nosque
822 1472 900 1503 Iesu
926 1471 1102 1507 concilies,

655 1516 703 1547 Ut
728 1518 836 1547 simus
862 1518 927 1558 ipsi
955 1520 1142 1557 compote&

224 1577 364 1609 Dal-auf
384 1578 470 1619 folgt
498 1578 589 1609 dann
617 1578 672 1610 die
698 1579 902 1620 Doxologie,
929 1579 985 1610 die
1010 1580 1075 1610 wie
1095 1578 1177 1619 jone
1203 1577 1352 1619 Strophe
1377 1578 1485 1609 durch
1511 1577 1578 1608 den
1600 1578 1700 1609 Reim

131 1622 314 1664 gebunden
340 1625 402 1657 ist:

651 1671 715 1701 Cui
743 1670 831 1711 proli
859 1669 1081 1700 sanctissimo

652 1716 737 1746 Cum
765 1718 861 1756 patre
887 1715 963 1745 laus
989 1715 1145 1755 ingenito

653 1761 707 1791 Sit
731 1761 774 1792 ab
801 1763 947 1801 utroque
974 1761 1077 1801 parili

656 1806 846 1847 llonorque
872 1805 947 1836 fuso
974 1805 1116 1836 flamini.

547 1927 606 1961 37.
644 1927 751 1967 (140.)
787 1926 845 1961 De
872 1927 1013 1961 saneto
1041 1926 1270 1963 Vincentio.

515 1997 719 2038 (Peristeph.
748 1997 792 2035 V,
820 1995 923 2033 l—4;
951 1994 1081 2036 9—123
1108 1995 1307 2038 545-560).

149 2089 185 2128 1.
219 2089 336 2126 Beate
368 2093 525 2137 martyr,
558 2100 743 2135 prospera
964 2092 1001 2128 4.
1034 2090 1108 2126 Per
1138 2094 1188 2137 te,
1221 2100 1290 2135 per
1321 2090 1425 2126 illum
1460 2100 1650 2127 carcerem

218 2145 327 2182 Diem
359 2146 627 2192 triumphalem
658 2150 774 2191 tuum,
1035 2146 1200 2182 Honoris
1231 2151 1472 2193 augmentum
1502 2147 1570 2194 tui,

218 2204 297 2247 Quo
329 2202 521 2249 sanguinis
554 2214 698 2239 merces
730 2203 818 2239 stibi
1034 2203 1107 2240 Per
1135 2202 1271 2248 vincla,
1303 2201 1486 2250 flammas,
1517 2203 1690 2250 ungulas,

216 2259 376 2307 Corona,
411 2259 597 2303 Vincenti,
631 2260 755 2299 datur.
1035 2257 1109 2295 Per
1141 2259 1368 2295 carceralem
1401 2259 1582 2308 stipitem,

145 2339 183 2375 2.
217 2338 328 2375 Nunc
359 2339 577 2385 angelorum
610 2339 803 2385 particeps
968 2340 1005 2376 5.
1039 2339 1111 2375 Per
1142 2336 1311 2385 fragmen
1343 2338 1437 2375 illud
1470 2342 1642 2388 testeum,

221 2395 394 2433 colluces
425 2395 561 2441 insigni
595 2396 704 2439 stola,
1038 2398 1118 2440 Quo
1150 2399 1260 2441 parta
1293 2395 1410 2431 erevit
1441 2395 1572 2442 gloria,

219 2452 337 2497 Quam
369 2451 477 2487 testis
509 2452 751 2488 indomabilis
1037 2451 1098 2499 Et,
1132 2461 1241 2497 quem
1274 2455 1478 2487 trementes
1510 2452 1652 2498 posteri

216 2508 324 2544 Rivis
359 2507 501 2544 cruoris
533 2508 693 2546 laveras.
1038 2508 1327 2555 Exosculamur,
1360 2508 1553 2555 lectulum,
1590 2500 1601 2514 ⁰

149 2590 187 2626 3.
218 2587 364 2624 Adesto
394 2598 493 2623 nunc
524 2591 559 2623 et
591 2588 745 2634 percipe
959 2589 996 2625 6.
1029 2587 1214 2623 Miserere
1243 2590 1457 2623 nostrarum
1488 2597 1655 2634 precum,

216 2643 336 2680 Voces
368 2647 587 2690 precantum
621 2644 825 2690 supplices
1029 2643 1205 2680 I‘lacatus
1236 2646 1277 2679 ut
1309 2642 1482 2679 Christus
1513 2643 1590 2680 suis

218 2700 346 2737 Nostri
378 2705 505 2736 reatus
537 2698 672 2736 efficax
1031 2699 1191 2735 lnclinet
1221 2710 1348 2735 aurem
1381 2710 1603 2745 prosperam

216 2756 353 2793 Orator
383 2756 431 2793 ad
459 2757 633 2793 thronum
666 2757 799 2803 patris,
1030 2755 1158 2792 Noxas
1189 2766 1258 2791 nee
1289 2766 1416 2792 omnes
1448 2755 1619 2802 imputet.

218 2836 341 2867 Diui-n.
359 2846 420 2866 ms.
439 2835 741 2868 Catalaunei1se1?›
763 2846 851 2867 saec.
873 2834 924 2867 15.
966 2835 1046 2866 Cosl.
1067 2835 1215 2866 Parisin.
1238 2832 1333 2865 1069.
1351 2851 1396 2856 —
1414 2833 1444 2872 Γ),
1461 2832 1483 2865 4
1501 2834 1687 2875 Noxasque

127 2892 245 2912 omnes
270 2885 426 2923 amputet
450 2882 512 2913 Hs,
