1785 3111
724 110 978 132 —1-

255 209 291 247 ⁰10

340 202 508 248 Gaudes,
543 207 771 253 pendentem
804 209 926 245 cernis
957 209 1060 255 ligno
1087 219 1170 245 cum
1203 208 1338 255 crucis,

341 263 502 309 Tibique
531 263 702 301 membra
734 263 808 301 fixa
839 265 957 302 clavis
989 265 1174 304 vindicas,

255 363 292 400 3.
338 356 456 398 Hanc
486 360 602 397 sumis
634 364 722 397 ante
752 372 930 407 pompam
962 363 1056 398 tanti
1090 361 1249 408 proelii:

341 416 494 466 Sputus,
527 415 689 466 flagella,
722 417 832 465 ictus,
865 428 973 455 cassa
1003 418 1214 458 arundinis,

255 510 293 547 4.
340 504 430 546 Ibat
459 507 652 554 triumpho
683 513 803 545 morte
834 514 985 555 sumpta
1016 521 1038 546 a
1069 514 1215 546 mortuo

341 564 445 601 Deus
475 563 625 601 inferno
656 565 756 602 vinci
788 576 905 612 regno
936 566 1122 604 nesciens.

255 659 292 694 5.
337 651 530 693 Kandens
562 654 733 702 frigescit
763 660 935 702 stagnum
968 657 1136 702 pallidae
1169 656 1311 706 Stygis,

341 712 557 759 Rigensque
588 713 710 748 nescit
742 712 949 759 Phlegeton
982 723 1022 749 se
1054 711 1216 750 fervere.

256 805 293 841 6.
339 799 427 841 Lux
459 807 543 838 orta
574 806 704 839 vastae
734 803 837 839 nocti
869 803 1058 851 splendet.
1091 802 1254 840 inferum

341 859 492 895 'fremet
524 863 562 895 et
591 859 659 895 alti
692 863 816 896 custos
848 870 982 897 saevus
1014 861 1180 898 Tartari.

259 961 288 988 ι.
337 946 457 996 Mors,
489 954 527 985 te
558 956 795 997 peremptam
826 951 942 987 sentis
973 951 1057 998 lege
1089 962 1173 988 cuin
1205 958 1281 997 tua,

341 1006 461 1043 Deum
495 1017 578 1043 cum
609 1007 733 1044 cernis
765 1006 983 1044 subdidisse
1015 1012 1052 1044 te
1083 1008 1166 1046 tibi.

255 1098 293 1135 8.
338 1094 423 1137 Non
456 1102 512 1134 est
544 1098 726 1135 caducum
760 1109 898 1145 corpus
928 1099 1045 1146 istud,
1078 1099 1179 1145 quod
1209 1104 1329 1149 tenes,

342 1154 572 1202 Nullamque
605 1155 644 1191 in
675 1155 741 1192 illo
773 1155 830 1192 ius
859 1155 972 1192 habet
1004 1157 1213 1203 corruptio.

254 1249 293 1285 9.
340 1241 476 1285 Omnis
508 1251 545 1282 te
577 1246 693 1284 vincit
724 1246 849 1283 carnis
878 1251 1031 1283 nostrae
1062 1246 1283 1294 infirmitas,

342 1303 491 1340 Natura
523 1303 647 1340 carnis
679 1311 736 1340 est
768 1307 929 1341 connata
962 1314 1043 1340 cum
1078 1304 1172 1341 Deo.

229 1395 295 1432 10.
342 1391 426 1432 Per
458 1394 555 1430 hanc
583 1394 620 1430 in
653 1394 750 1430 altos
781 1395 962 1431 scandam
993 1395 1093 1431 laeta
1125 1405 1207 1431 cum
1240 1405 1321 1433 meo

345 1451 479 1488 Caelos
512 1461 712 1497 resurgens
744 1451 909 1498 glorioso
941 1462 1115 1498 corpore.

226 1543 289 1582 11.
338 1538 502 1595 Quantis
534 1541 659 1578 fidelis
691 1541 829 1588 spebus
863 1542 1055 1580 Christum
1087 1543 1249 1589 credidi,

344 1600 386 1636 ln
419 1608 459 1635 se
489 1599 552 1645 qui
584 1604 694 1635 natus
725 1609 783 1634 me
815 1609 885 1645 per
916 1609 1067 1635 carnem
1101 1600 1281 1646 suscepit,

228 1691 293 1728 12.
339 1686 494 1729 Renata
525 1701 619 1737 sum,
652 1701 673 1727 o
705 1690 805 1727 vitae
836 1691 937 1727 laeta
968 1691 1148 1728 exordia!

343 1747 537 1793 Novisque
568 1747 653 1784 vivo
686 1747 892 1784 christiana
922 1748 1080 1795 legibus.

228 1839 293 1876 13.
342 1832 496 1877 Sanctis
528 1848 693 1884 perenne
728 1849 860 1875 munus
892 1842 1064 1885 praestat
1094 1839 1165 1875 hoc
1198 1839 1280 1888 Dei,

345 1893 543 1933 Conformi
574 1905 699 1932 secum
730 1896 861 1932 vivant
893 1901 977 1942 post
1011 1896 1104 1932 haec
1137 1906 1308 1942 corpore.

227 1988 292 2025 14.
339 1982 488 2024 Terror
518 1986 675 2022 recedat
704 1987 837 2022 mortis
868 1987 1036 2033 tandem,
1068 1998 1182 2034 mors,
1214 1993 1314 2033 tuae,

343 2043 435 2081 Sinu
465 2053 524 2079 me
553 2043 692 2079 laetam
723 2043 943 2089 patriarcha
974 2043 1146 2090 suscipit.

228 2135 291 2172 15.
337 2130 478 2172 Vivam
507 2134 632 2170 locata
663 2138 747 2181 post
779 2134 873 2171 haec
902 2134 941 2170 in
972 2134 1213 2184 caelestibus,

341 2190 412 2228 Dei
440 2190 574 2227 sedere
606 2201 756 2227 carnem
790 2196 892 2227 certa
924 2202 945 2227 a
977 2191 1162 2229 dexteris,

227 2284 292 2320 16.
339 2278 493 2327 Xriste‚
526 2292 700 2318 reversus
733 2282 857 2318 caelos
890 2282 1011 2318 victor
1041 2282 1077 2318 in
1111 2288 1207 2330 tuos,

340 2338 533 2375 Memento
564 2338 702 2386 carnis,
734 2339 772 2374 in
804 2350 877 2384 qua
908 2342 1017 2375 natus
1050 2350 1101 2388 es,
1136 2350 1253 2378 meae.

228 2431 292 2469 17.
338 2425 485 2468 Ymnos
516 2439 701 2475 perennes
732 2429 950 2475 angelorum
983 2440 1066 2466 cum
1098 2430 1223 2466 choris

340 2487 384 2523 In
416 2485 486 2522 hoc
517 2496 717 2533 resurgens
749 2486 850 2522 laeta
881 2487 1040 2534 psallam
1075 2496 1246 2533 corpore.

230 2584 294 2620 18.
340 2579 491 2621 zelavit
521 2582 610 2619 olim
642 2593 701 2619 me
731 2583 769 2620 in
802 2587 923 2619 morte
955 2584 1129 2624 Satanas,

342 2639 578 2686 Regnantem
611 2645 741 2676 cernat
770 2644 893 2676 tecum
926 2640 1015 2676 totis
1046 2641 1222 2679 saeculis,

168 2736 196 2775 1,
224 2737 238 2769 1
267 2749 416 2778 saevam,
445 2740 504 2771 sel.
531 2743 684 2777 mortem,
711 2740 754 2770 da
780 2740 980 2772 ersichtlivh
1007 2741 1067 2771 der
1092 2741 1165 2772 Tod
1193 2741 1380 2781 angeredet
1407 2742 1462 2771 ist.
1490 2757 1531 2761 -—
1558 2738 1589 2770 2.
1622 2738 1636 2770 1

72 2784 185 2814 carnis
218 2783 301 2820 Hs.;
335 2785 365 2816 G
390 2786 586 2818 verbessert
610 2796 766 2819 carnem:
802 2785 893 2816 dann
928 2787 973 2817 ist
1007 2786 1072 2817 Str.
1108 2785 1128 2817 ‘2
1153 2797 1220 2818 von
1250 2785 1263 2817 1
1292 2788 1389 2817 nicht
1414 2797 1455 2816 zu
1482 2790 1638 2822 trenneu,

74 2828 220 2860 sondern
248 2829 502 2869 enjambement
527 2831 776 2862 anzunehmen.
806 2850 849 2853 —
873 2830 904 2863 4.
935 2831 949 2862 1
977 2843 1068 2862 mors
1095 2837 1231 2872 sumpta
1257 2837 1390 2862 mortuo
1411 2833 1473 2863 Hs.
1500 2848 1541 2851 -—
1562 2830 1592 2867 ἶ),
1622 2830 1635 2861 l
