1785 3111
78 211 145 250 27.

77 489 144 526 28.

77 767 142 805 29.

77 1102 143 1141 30.

78 1380 144 1419 31.

78 1659 144 1698 82.

693 94 1005 135 —449—

177 210 387 248 Benedicte
417 219 498 257 rex,
531 209 682 247 dimitte

233 267 379 306 Cuncta
409 266 504 303 mihi
536 265 678 315 debita,

175 323 280 370 Quae
300 323 489 372 contraxi,
510 334 597 360 nam
614 323 707 359 haec
724 323 812 360 auxi

234 380 394 427 Semper
424 390 540 427 agens
572 380 703 419 vetita.

176 488 274 533 Heu,
302 499 414 535 quam
446 488 544 525 male
575 489 749 535 spiritale

230 545 419 592 Baptismi
447 545 670 592 mysterium

185 602 353 639 Violavi!
386 613 473 639 nam
506 600 658 639 foedavi

235 658 300 695 Me
331 669 402 705 per
433 669 543 696 omne
575 659 722 697 vitium.

175 767 280 804 Male
312 765 397 816 feci,
429 767 530 814 quod
561 767 724 804 subieci-

233 823 367 862 Pravis
399 834 458 860 me
488 824 688 871 spiritibus

176 881 386 919 Serviendo
418 884 455 917 et
486 878 651 918 favendo

233 937 439 974 Sceleratis
470 937 632 976 actibus.

171 1101 249 1139 Fili
279 1101 364 1148 Dei,
399 1101 526 1138 cordis
558 1101 631 1138 mei

234 1158 389 1205 Dissipa
421 1158 634 1207 caliginem,

175 1215 234 1252 Ne
266 1215 497 1253 descendam
519 1215 558 1252 in
580 1214 810 1252 horrendam

232 1270 380 1310 Inferni
411 1272 644 1319 voraginem.

177 1379 399 1416 Interventu
430 1383 467 1416 et
497 1378 654 1416 obtentu

233 1437 371 1474 Matris
401 1439 490 1472 tuae
522 1435 677 1482 virginis

176 1493 240 1530 Me
270 1493 406 1530 timore
437 1497 474 1530 et
504 1503 633 1529 amore

234 1550 355 1597 Reple
386 1550 442 1587 tui
473 1549 648 1587 nominis.

177 1657 267 1696 Pius
300 1661 380 1694 esto
412 1661 449 1694 et
479 1662 680 1706 memento,

232 1714 330 1760 Quid
361 1725 432 1761 pro
463 1714 572 1751 nobis
604 1712 754 1763 feceris,

175 1772 251 1809 Pro
280 1771 449 1819 indignis
481 1776 517 1808 et
547 1771 723 1818 malignis

231 1829 381 1876 Quanta
412 1828 653 1866 sustinueris,

172 1936 311 1973 Preces
342 1935 432 1972 audi
464 1938 499 1971 et
531 1934 681 1972 custodi

231 1992 310 2028 Nos
342 2003 365 2029 a
395 1992 540 2029 cunctis
572 1991 756 2038 hostibus,

175 2048 368 2086 Exoratus
401 2053 436 2085 et
468 2049 640 2095 placatus

232 2105 371 2142 Matris
403 2109 491 2143 tuae
521 2105 699 2152 precibus

899 212 965 249 34.
998 209 1218 248 Intercedat
1249 209 1344 246 haec
1375 213 1412 246 et
1442 209 1583 246 reddat

1056 266 1175 303 Nobis
1207 270 1244 302 te
1274 265 1515 313 placabilem,

997 325 1114 371 Quem
1146 323 1315 370 portavit
1345 328 1458 370 atque
1489 322 1595 370 pavit

1058 380 1173 417 Lacte
1204 378 1346 417 factum
1378 379 1572 419 humilem.

898 490 963 526 35.
997 489 1163 535 Propter
1195 499 1290 537 eam,
1329 498 1481 538 quaeso,
1514 498 1634 525 meam

1055 545 1202 582 Munda
1234 545 1519 593 conscientiam,

1001 602 1057 638 Ne
1089 601 1277 638 offendam
1309 602 1559 640 reverendam

1062 659 1194 695 Vultus
1226 659 1281 695 tui
1311 659 1483 705 gloriam.

898 769 964 805 36.
997 767 1026 804 O
1060 766 1182 812 beate,
1214 767 1358 812 pietate

1053 823 1135 860 Tua
1165 833 1224 859 me
1254 821 1430 868 iustifica,

998 880 1098 926 Quid
1125 880 1345 929 gerendum,
1386 879 1477 925 quid
1506 879 1634 916 dicen-

1295 936 1394 985 dum⁷

1056 993 1153 1030 Mihi
1184 1002 1335 1039 semper
1362 992 1504 1031 indica.

957 1133 963 1140 .
998 1101 1100 1138 Deus
1132 1101 1255 1151 homo,
1289 1099 1350 1138 fac
1381 1101 1428 1138 de
1461 1101 1572 1138 domo

1055 1158 1133 1195 Nos
1166 1158 1270 1195 exire
1302 1158 1480 1205 carceris,

999 1215 1049 1253 Ut
1082 1216 1157 1252 iam
1190 1215 1306 1252 dones
1338 1215 1566 1261 mansiones,

1056 1272 1200 1318 Quibus
1230 1272 1314 1319 ipse
1345 1273 1526 1321 cerneris.

900 1103 921 1139 02

930 1103 949 1139 —l

901 1380 965 1417 238.
1000 1379 1120 1416 Tuum
1153 1379 1297 1417 vultum
1321 1389 1420 1416 nunc
1441 1379 1631 1416 occultum

1054 1436 1145 1472 Tuis
1175 1436 1251 1473 iam
1281 1427 1458 1473 fidelibus

998 1491 1207 1530 Manifesta
1237 1497 1350 1540 atque
1382 1498 1535 1539 praesta

1057 1551 1193 1587 Pacem
1225 1554 1263 1587 te
1294 1549 1520 1588 colentibus,

900 1660 965 1698 39.
998 1657 1077 1695 Fac
1107 1658 1253 1695 intrare
1283 1668 1350 1695 nos
1382 1657 1604 1704 praeclarae

1055 1716 1159 1753 Tuae
1193 1715 1326 1752 domus
1358 1715 1455 1752 atria

997 1773 1123 1818 Atque
1154 1771 1262 1809 bonis
1289 1771 1494 1808 mansionis

1055 1828 1133 1865 Nos
1166 1838 1354 1874 supernae
1384 1828 1494 1867 satia.

895 1937 961 1975 40.
995 1935 1082 1972 Tibi
1112 1939 1201 1973 nato
1231 1946 1313 1972 cum
1346 1934 1456 1972 beato

1056 1992 1167 2029 Patre
1198 1993 1280 2030 laus
1312 1996 1348 2028 et
1380 1992 1500 2039 gloria

997 2049 1250 2098 Flaminique,
1283 2049 1347 2095 qui
1377 2049 1529 2096 utrique

1053 2105 1216 2152 Compar
1247 2110 1302 2142 est
1335 2116 1404 2152 per
1433 2105 1571 2145 omnia.

628 2264 911 2311 Rhythmus
952 2264 1063 2302 XIII.

135 2401 142 2411 .
175 2372 277 2410 Laus
307 2371 433 2409 fidelis
464 2373 630 2416 Israelis,

233 2429 350 2476 Virgo
379 2429 493 2477 plena
523 2429 659 2478 gratia,

174 2486 290 2533 Quae,
310 2486 397 2523 dum
415 2486 534 2533 paris,
551 2497 625 2522 non
643 2485 808 2532 privaris

231 2542 419 2589 Virginali
450 2543 582 2590 gloria,

174 2651 291 2697 Quam
322 2650 550 2697 praescitam
583 2655 619 2686 et
646 2650 803 2687 electam

231 2707 334 2744 Deus
365 2711 452 2745 ante
482 2707 633 2744 saecula

174 2762 378 2800 Benedixit
409 2768 447 2800 et
476 2764 652 2810 promisit

232 2820 307 2857 Per
337 2824 465 2858 vatum
496 2820 663 2865 oracula,

923 2374 960 2412 3.
995 2373 1098 2410 Iesse
1129 2372 1248 2421 virga,
1280 2372 1334 2409 sic
1365 2383 1432 2410 nos
1462 2383 1584 2420 purga

1051 2427 1243 2468 Vitiorum
1274 2428 1463 2479 sordibus,

994 2487 1047 2524 Ut
1078 2486 1233 2523 remotis
1264 2486 1322 2523 his
1354 2486 1502 2524 devotis

1051 2542 1104 2579 Te
1135 2543 1332 2580 laudemus
1363 2543 1563 2580 mentibuS.

921 2652 959 2687 4.
990 2650 1206 2688 Insensatos
1238 2654 1275 2687 et
1305 2651 1474 2698 ingratos

1048 2707 1143 2744 Esse
1174 2707 1246 2744 Dei
1277 2707 1423 2754 gratiae

992 2762 1039 2800 Se
1056 2764 1272 2813 ostendunt,
1292 2764 1355 2810 qui
1372 2773 1445 2800 non
1460 2762 1628 2800 reddunt

1049 2820 1218 2857 Laudem
1251 2827 1336 2857 tuae
1366 2819 1522 2866 gloriae.

132 2888 297 2921 Dreves,
324 2888 531 2915 Lateinische
551 2887 842 2922 Hymnendichter.
872 2887 915 2913 II.
1380 2884 1422 2916 29
