1785 3111
692 50 1005 91 —513—

69 165 107 202 3.
155 163 215 200 Ex
246 167 358 210 parte
390 174 517 200 rerum
547 164 733 211 principis
893 169 929 204 ξ».
977 167 1054 204 Ros
1086 165 1294 213 gratiarum
1326 165 1490 203 omnium

215 219 383 257 Salutem
414 219 484 257 tibi
515 221 668 257 nuntius
1032 223 1131 260 Dum
1162 222 1284 259 vellus
1315 227 1419 259 tuum
1450 227 1608 269 saturat,

212 276 337 314 Affert
369 277 681 325 seminiverbius3
1033 280 1075 316 In
1106 290 1179 326 quo
1210 283 1358 326 gratum
1390 278 1599 327 refulgurat

154 332 252 370 Dum
285 333 442 371 verbum
471 344 562 371 aure
593 333 773 381 percipis,
974 336 1054 373 Deo
1086 336 1384 382 reclinatorium,

155 391 200 427 In
231 390 348 427 verbo
379 390 536 428 verbum
569 390 747 440 concipis,
975 393 1109 430 Carnis
1139 393 1178 429 in
1211 397 1248 429 te
1280 393 1444 429 cilicium

210 446 274 483 Fit
305 450 391 484 tuus
420 446 493 484 Dei
523 446 636 487 filius.
1033 449 1147 486 Verbi
1179 449 1383 496 splendore
1414 456 1615 498 purpurat.

73 572 110 608 4.
159 570 189 608 Ο
221 581 331 617 quam
363 570 459 608 bene
488 575 526 608 te
556 571 703 609 iudicas
896 575 931 611 6.
980 574 1076 610 Tota
1108 573 1305 610 descendit
1338 574 1459 611 deitas

219 628 263 665 In
295 627 432 665 throno
463 628 560 665 tanti
591 628 769 676 muneris,
1034 629 1078 667 In
1110 630 1291 676 templum
1323 631 1377 667 tui
1407 632 1596 680 pectori53

214 684 389 730 Quantae
426 685 573 722 culmen
604 685 823 722 ascenderis
1034 686 1093 723 De
1124 691 1229 723 terra
1259 688 1312 723 tui
1346 689 1515 734 corporis

161 740 411 785 Humilitatis,
445 741 605 789 indicas,
977 742 1098 780 Nobis
1129 748 1185 779 est
1216 748 1299 780 orta
1330 744 1472 781 veritas

159 796 257 834 Dum
289 798 468 835 ancillam
500 803 537 835 te
567 798 779 847 praedicas,
975 799 1025 835 Et
1057 804 1212 837 aeterna
1242 800 1421 837 divinitas

216 853 329 891 Cuius
358 860 481 892 mater
511 854 675 902 eligeriS.
1032 856 1181 903 Incepit
1213 867 1295 894 esse
1325 857 1520 904 temporis.

490 979 526 1019 7.
572 980 616 1016 In
647 990 721 1026 qua
752 980 974 1025 propitiatio

630 1036 793 1072 Veritati
825 1036 864 1073 fit
897 1036 1020 1081 obvia,

632 1093 706 1129 Per
735 1104 845 1140 quam
877 1104 953 1139 pax
987 1098 1022 1130 et
1054 1094 1200 1132 iustitia

570 1149 835 1186 Convenerunt
865 1150 904 1187 in
937 1150 1042 1187 basio

569 1206 760 1243 Iustorum
793 1207 831 1243 in
864 1207 1036 1245 concilio.

626 1263 698 1299 Dei
731 1268 853 1300 mater
883 1268 919 1300 et
951 1262 1040 1311 filia,

625 1320 705 1356 Tuo
736 1330 803 1356 nos
835 1320 1039 1357 reconcilia

569 1376 675 1413 Patri
706 1377 817 1413 simul
849 1381 885 1413 et
915 1376 1007 1415 filio.

154 1498 218 1540 Ep.
258 1500 354 1531 VIlI.
391 1516 435 1520 —
466 1499 665 1532 Excellenti
703 1499 863 1531 dominae
900 1500 941 1531 de
979 1500 1132 1532 Castello
1170 1501 1357 1537 Porcensi,
1398 1504 1509 1533 sorori
1547 1513 1630 1535 suae

62 1543 250 1584 plurimum
283 1544 494 1587 diligendae.
524 1563 570 1566 —
603 1545 669 1576 Am
703 1544 860 1578 Schluss:
895 1547 1033 1583 „Huius
1065 1546 1242 1587 gloriosae
1277 1547 1344 1578 Dei
1376 1549 1563 1588 genetricis
1597 1554 1630 1579 et

59 1590 209 1631 virginis
242 1591 326 1632 quia
359 1591 442 1622 novi
472 1590 636 1623 laudibus
668 1592 830 1622 insistere
864 1591 1080 1623 celebrandis
1114 1595 1147 1623 et
1177 1591 1438 1624 devotissimam
1464 1595 1629 1625 exsistere

58 1638 91 1666 te
127 1635 326 1673 cultricem,
363 1636 426 1667 tibi
461 1635 582 1668 laudes
615 1636 769 1668 eiusdem
801 1636 995 1676 rhythmice
1031 1638 1130 1668 mitto
1163 1638 1393 1679 compositas,
1429 1639 1629 1681 supplicatu

59 1684 140 1712 ante
173 1681 398 1712 reverendam
433 1683 508 1714 eius
534 1683 721 1723 imaginem
747 1682 912 1713 dicendas
938 1683 974 1713 in
1000 1684 1157 1714 oratione
1185 1693 1245 1714 seu
1271 1683 1364 1714 dulci
1390 1684 1627 1716 modulatione

58 1725 283 1767 cantandas*
332 1727 437 1759 Mone
461 1728 507 1765 II,
533 1725 576 1758 35
602 1738 633 1759 u.
660 1728 682 1758 f.

148 1772 189 1809 R,
211 1768 232 1803 3
259 1772 423 1804 hostium.
448 1790 494 1793 ——
519 1770 549 1811 2,
576 1771 596 1804 2
619 1773 826 1804 Procedens.
852 1789 895 1794 -
921 1771 953 1810 5,
980 1771 1000 1804 6
1026 1774 1163 1805 Verbis.
1188 1791 1232 1795 —

511 1961 593 1997 349.
630 1961 687 2005 (6.)
722 1962 780 1996 De
806 1963 937 1998 Beata
963 1963 1097 1999 Maria
1122 1964 1168 2000 V.

434 2079 481 2120 R,
528 2079 558 2117 Ο
589 2079 754 2126 gloriosa
786 2079 950 2124 domina,

526 2137 691 2183 Quorum
722 2141 760 2173 te
790 2136 947 2173 laudant
981 2137 1161 2182 carmina,

527 2193 748 2241 Precamur‚
782 2192 866 2229 dele
897 2193 1068 2232 crimina.

55 2317 89 2355 1.
145 2316 214 2353 Dei
244 2316 377 2353 matris
409 2316 581 2353 cantibus
875 2319 912 2354 2.
959 2317 1040 2354 Tua
1069 2327 1137 2353 nos
1169 2317 1333 2354 restituit

197 2372 402 2410 Sollemnia
919 2386 923 2388 ·
1015 2374 1234 2422 Conceptio‚

140 2429 298 2467 Recolat
329 2428 562 2466 sollennibus
959 2430 1058 2475 Quos
1089 2430 1276 2477 serpentis
1307 2430 1434 2468 obruit

195 2486 383 2523 Ecclesia.
1015 2486 1212 2533 Deceptio,

139 2543 237 2579 Vota
267 2542 342 2580 tuis
373 2541 527 2579 auribus
959 2543 1017 2580 De
1047 2543 1180 2580 mortis
1211 2544 1351 2590 eripuit

195 2599 364 2637 Concilia
1015 2599 1186 2638 Confinio

140 2655 194 2692 Te
226 2655 372 2693 devotis
404 2655 559 2692 vocibus
956 2656 1007 2693 Et
1038 2656 1150 2693 finem
1180 2656 1360 2703 imposuit

198 2702 426 2759 Laudamia,
1015 2713 1177 2759 Exsilio,

142 2767 269 2814 Digna
302 2768 425 2815 dignis
454 2768 644 2806 laudibus.
957 2770 1064 2814 Quod
1094 2770 1178 2807 Eva
1209 2769 1429 2816 promeruit.

120 2835 288 2868 Dreves,
316 2836 522 2863 Lateinisehe
543 2836 835 2870 Hymnendichter.
874 2837 917 2863 II.
1372 2833 1416 2867 33
