1785 3111
798 97 879 138 415

553 212 612 243 VI.
650 212 709 242 De
744 208 924 253 Spiritu
959 214 1138 244 Sancto.

144 267 343 299 Paraclitus
368 269 556 306 increatus,

143 313 266 354 Neque
291 313 403 345 faetus
429 324 541 355 neque
566 316 681 351 natus,

144 358 242 390 Patri
268 369 411 391 consors
437 360 627 401 genitoque

147 404 206 436 Sic
231 405 388 445 procedit
413 405 456 436 ab
483 408 642 446 utroque,

99 447 122 480 5
146 450 198 481 Ne
225 451 270 481 sit
295 451 409 482 minor
434 454 625 491 protestate

146 495 211 526 Vel
237 495 408 527 discretus
433 497 629 528 maiestate.

150 540 311 578 Quantus
337 544 445 583 pater,
472 544 590 573 tantus
617 543 730 581 natus,

147 587 281 618 Tantus
306 588 488 629 utriusque
512 588 633 627 flatus3

964 270 1086 309 Qualis
1114 273 1222 311 pater,
1249 270 1330 301 talis
1358 273 1472 308 natus,

898 313 939 347 10
963 316 1061 346 Talis
1089 317 1270 356 utriusque
1295 315 1408 346 flatus.

963 361 1068 392 Pater
1093 361 1192 399 alter,
1219 361 1279 392 sed
1305 361 1494 402 gignendo,

963 407 1075 437 Natus
1103 406 1201 445 alter,
1229 406 1289 437 sed
1314 406 1501 444 nascendm

964 452 1109 483 Flamen
1135 453 1178 484 ab
1205 452 1259 482 his
1287 452 1519 493 procedendo,

964 497 1050 528 Tres
1077 501 1158 528 sunt
1180 508 1286 528 unum
1315 497 1555 531 subsistendo:

904 539 944 573 15
970 543 1127 583 Quisque
1152 544 1257 574 trium
1283 543 1406 584 plenus
1433 544 1538 579 Deus,

970 589 1049 619 Non
1076 592 1145 620 tres
1171 589 1217 626 di,
1243 589 1303 619 sed
1328 598 1417 619 unus
1443 589 1550 620 Deus.

509 680 587 710 VII.
626 680 686 711 De
719 679 811 711 Deo
845 679 967 709 trino
1002 682 1043 710 θῖ
1073 690 1166 710 uno.

144 748 185 778 In
213 747 279 778 hoe
304 757 372 779 uno
398 749 473 779 Deo
499 758 582 779 vero

146 792 204 824 Sic
229 796 298 824 tres
324 804 431 825 unum
457 803 631 832 assevero,

144 838 194 870 Ut
217 840 316 870 usiae
341 840 510 871 unitatem

145 883 193 914 Et
217 885 376 925 personis
401 885 592 916 trinitatem

51 950 58 959 .
99 926 120 959 5
146 929 337 972 Assignare
362 941 432 962 non
457 930 650 969 formidem,

145 974 230 1006 Cum
257 977 304 1006 sit
328 976 441 1007 trinus
468 986 557 1007 unus
584 975 688 1006 idem.

144 1021 185 1052 In
211 1022 370 1062 personis
395 1021 494 1052 nulla
519 1022 624 1062 prior,

145 1066 252 1098 Nulla
277 1068 400 1107 minor,
426 1067 523 1098 nulla
549 1068 671 1106 maior,

147 1112 389 1154 Unaquaeque
415 1122 551 1154 semper
576 1113 664 1154 ipsa,

76 1154 119 1189 10
145 1157 203 1189 Sic
229 1161 281 1189 θεῖ
305 1161 469 1190 constans
496 1161 599 1200 atque
625 1158 704 1197 fixa,

148 1203 192 1234 Ut
216 1214 280 1235 nee
306 1205 342 1234 in
368 1214 404 1235 se
429 1205 585 1235 varietur

142 1249 215 1280 Nee
240 1250 278 1280 in
302 1249 411 1280 ullam
436 1252 698 1281 transmutetur.

142 1293 303 1326 Summus
328 1298 437 1336 pater,
464 1306 618 1326 summus
644 1298 758 1333 natus,

143 1338 304 1372 Summus
330 1341 513 1382 utriusque
538 1341 651 1379 flatus,

74 1382 116 1418 15
141 1385 191 1416 Hi
218 1389 287 1417 tres
313 1396 403 1417 unus
430 1396 584 1417 summus
610 1387 716 1424 Deus⁷

142 1431 240 1463 Unus
266 1433 370 1463 trium
396 1431 625 1463 homo-Deus.

140 1477 255 1516 Pater,
281 1477 437 1516 verbum,
465 1487 562 1509 sacer
587 1478 702 1515 flatus,

143 1522 229 1554 Tres
256 1526 337 1554 sunt
360 1533 450 1554 unus
477 1525 697 1564 potentatus3

969 747 1068 779 Unus
1093 748 1199 778 trium
1224 748 1368 778 verbum
1396 748 1506 788 patris

899 789 943 823 20
969 793 1025 824 Fit
1050 803 1110 834 per
1134 793 1253 823 flatum
1280 803 1360 823 earo
1386 793 1518 823 matris,

967 839 1082 878 Pater,
1108 838 1202 869 filius
1229 849 1269 869 ao
1295 848 1430 875 munus7

966 884 1052 914 Tres
1079 893 1248 925 personae
1275 885 1370 915 Deus
1396 892 1503 923 unusg

966 929 1067 961 Unde
1094 930 1188 960 Deus
1214 933 1283 960 tres
1312 939 1480 970 personae

965 976 1057 1006 Vera
1085 979 1165 1006 sunt
1190 975 1418 1006 confessione.

967 1020 1053 1051 Tres
1079 1020 1115 1051 hi
1141 1021 1253 1052 tribus
1280 1021 1316 1050 in
1342 1021 1500 1061 personis

967 1067 1084 1098 Unum
1109 1065 1175 1097 fide
1201 1066 1361 1103 rationis,

967 1112 1048 1143 Una
1073 1113 1176 1143 trium
1204 1115 1257 1143 est
1280 1112 1370 1145 usia,

966 1159 1066 1189 Unus
1092 1159 1198 1188 trium
1225 1157 1266 1189 de
1292 1157 1418 1188 Maria.

967 1204 1046 1235 Una
1072 1205 1174 1234 trium
1201 1213 1270 1233 11011
1296 1211 1456 1243 persona.

967 1249 1035 1281 Sed
1060 1252 1187 1280 natura
1212 1248 1314 1279 valde
1340 1248 1442 1285 bona⁷

966 1294 1106 1325 Summe
1131 1295 1233 1333 bona,
1262 1303 1433 1324 summum
1460 1292 1600 1331 bonum,

964 1341 1005 1370 In
1032 1350 1099 1381 quo
1126 1339 1215 1370 nihil
1242 1340 1455 1380 passionum.

965 1385 1046 1417 Una
1072 1386 1177 1416 trium
1203 1388 1256 1416 θεῖ
1280 1388 1416 1421 natura,

964 1431 1091 1462 Nullus
1118 1432 1221 1462 trium
1248 1432 1417 1469 creatura⁷

920 1495 926 1505 ρ
965 1477 1066 1508 Lieet
1090 1487 1180 1508 unus
1206 1477 1310 1507 trium
1336 1478 1438 1506 natus

967 1522 1020 1554 Sit
1046 1532 1086 1553 ex
1112 1525 1220 1553 matre
1248 1524 1460 1563 procreatus.

291 1614 388 1646 VIII.
427 1614 551 1654 Quod
586 1613 798 1646 Christus
831 1615 893 1644 sit.
924 1614 1068 1645 tertia
1101 1614 1137 1644 in
1170 1613 1383 1644 trinitate

575 1680 783 1712 persona,
817 1681 900 1701 non
933 1673 1105 1712 quarta.
1375 1654 1377 1656 Ι

145 1740 315 1778 Christus,
340 1739 481 1771 clausae
507 1740 628 1771 matris
654 1741 785 1780 partus,

145 1786 225 1817 Non
249 1796 326 1817 cum
352 1786 464 1817 tribus
490 1788 543 1816 est
566 1788 605 1816 ut
630 1787 785 1825 quartus,

144 1831 213 1863 Sed
239 1841 282 1862 ex
306 1831 419 1863 tribus
443 1831 550 1862 trium
574 1841 675 1861 unus.

143 1877 229 1908 Tres
255 1876 291 1908 hi
316 1879 427 1918 pater,
452 1880 567 1914 natus,
594 1886 731 1908 munus.

97 1919 119 1953 5
143 1923 229 1954 Tres
258 1926 338 1954 sunt
362 1925 471 1963 pater,
497 1924 611 1960 natus,
638 1931 776 1959 munus,

143 1968 259 1999 Homo
286 1968 381 1999 Deus
407 1969 512 1998 trium
536 1977 637 2005 unus,

142 2013 257 2045 Divae
282 2014 404 2044 matris
429 2013 532 2044 divus
558 2015 688 2054 partus,

144 2059 245 2091 Unus
270 2059 387 2097 trium,
413 2058 532 2090 nulius
557 2061 712 2100 quartus.

141 2105 222 2137 Una
247 2105 353 2136 trium
378 2114 605 2145 personarum

78 2146 120 2181 10
144 2150 260 2181 Homo
285 2160 428 2192 compar
454 2153 507 2181 est
531 2149 688 2188 duarum,

964 1740 1079 1770 Homo
1106 1738 1203 1769 verbi
1229 1738 1365 1768 unitate

964 1784 1066 1816 Unus
1092 1787 1145 1814 est
1170 1783 1210 1814 de
1241 1783 1411 1813 trinitate.

964 1830 1050 1861 Tres
1077 1838 1245 1870 personae
1272 1826 1495 1869 principales,

965 1875 1190 1912 Coaeternae,
1217 1873 1436 1914 coaequales,

900 1918 940 1952 15
965 1921 1061 1952 Deus
1087 1931 1186 1959 unus7
1214 1921 1310 1951 Deus
1335 1920 1458 1955 trinus,

964 1966 1062 1997 Nihil
1092 1967 1216 2005 maius,
1243 1964 1331 1996 nihil
1357 1965 1482 1995 minus.

963 2013 1003 2043 In
1030 2012 1095 2043 hae
1122 2012 1214 2042 trina
1239 2011 1386 2046 unitate,

964 2058 1006 2088 In
1031 2057 1097 2088 hae
1121 2067 1191 2088 una
1215 2057 1375 2087 trinitate

963 2103 1079 2134 Patris
1106 2112 1228 2134 manus
1255 2104 1359 2142 atque
1386 2110 1510 2131 munus

898 2145 941 2180 20
965 2148 1030 2179 Est
1057 2159 1133 2179 eum
1158 2151 1257 2189 patre
1282 2144 1376 2177 Deus
1402 2156 1502 2176 unus.

125 2241 188 2273 IX.
226 2240 350 2281 Quod
383 2240 598 2273 Christus
629 2242 673 2272 in
706 2240 888 2272 naturis
924 2239 1094 2270 duabus
1128 2248 1209 2270 una
1243 2239 1303 2268 sit
1334 2245 1536 2278 persona.

139 2309 294 2342 Verbum
319 2318 400 2340 earo
426 2311 507 2340 sunt
530 2309 631 2340 unita

143 2354 242 2386 Siout
267 2364 350 2386 auro
376 2354 578 2396 margarita,

140 2400 221 2432 Una
245 2399 285 2431 fit
309 2410 351 2432 ex
374 2399 430 2431 his
457 2409 596 2437 corona,

139 2445 221 2477 Una
247 2447 297 2477 sic
323 2456 364 2477 ex
389 2445 444 2476 his
469 2455 628 2485 persona.

916 2305 936 2338 5
961 2308 1058 2338 Haec
1084 2309 1117 2338 θῖ
1140 2306 1225 2337 haec,
1251 2308 1304 2337 θεῖ
1329 2315 1371 2336 ex
1396 2303 1531 2335 duobus

962 2352 1009 2383 Et
1035 2354 1215 2393 permanet
1240 2352 1276 2382 in
1302 2350 1482 2389 ambobus,

964 2399 1043 2430 Una
1071 2401 1187 2428 tamen
1211 2400 1264 2428 est
1288 2399 1436 2436 utraque

963 2443 1056 2475 Vera
1080 2443 1147 2475 fide
1172 2451 1434 2484 usquequaque.

366 2536 410 2567 X.
449 2535 510 2567 De
542 2534 778 2576 personali
812 2537 851 2566 et
882 2533 1088 2565 naturali
1121 2533 1294 2564 unione.

141 2605 222 2636 Una
245 2605 358 2646 magis
383 2601 472 2635 haee
498 2613 647 2645 persona

144 2650 255 2688 Quam
281 2650 327 2681 sit
350 2659 422 2681 una
446 2649 531 2681 haee
557 2658 696 2689 corona,

142 2694 224 2726 Una
247 2694 334 2726 haec
359 2698 411 2726 est
435 2696 575 2733 unione,

141 2739 223 2772 Una
246 2740 332 2772 haee
355 2741 557 2772 conexione.

96 2783 119 2816 5
143 2785 271 2816 Faetor
294 2785 405 2817 factus
431 2789 483 2817 est
508 2786 643 2817 factura

142 2830 349 2862 Geminatus
375 2832 411 2862 in
435 2834 571 2869 natura,

962 2601 1145 2633 Adunatus
1172 2602 1208 2632 in
1234 2610 1394 2642 persona,

960 2648 1040 2678 Non
1065 2650 1265 2687 compactus
1290 2648 1329 2676 ut
1354 2654 1494 2676 corona.

961 2693 1055 2724 Unio
1081 2692 1167 2724 haec
1194 2690 1390 2733 personalis

894 2735 935 2769 10
959 2738 1005 2769 Εῖ
1031 2739 1170 2769 omnino
1196 2736 1378 2775 naturalis⁷

960 2783 1029 2814 Illa
1052 2794 1165 2824 neque
1191 2782 1362 2813 naturalis

961 2830 1033 2860 Nee
1060 2830 1201 2860 omnino
1229 2826 1435 2869 personalis
