1785 3111
46 217 141 256 129.

52 635 145 675 130.

46 1054 140 1093 131.

43 1473 138 1514 132.

44 1893 138 1934 133.

41 2313 136 2352 134.

667 101 860 142 -641
932 124 988 129 -

187 217 282 266 Ave,
316 215 435 264 virgo,
468 226 534 253 vas
564 216 757 262 pudicum,

188 274 250 311 Ad
272 283 383 320 quam
400 272 502 309 auris
519 282 588 319 per
606 273 793 319 posticum

248 329 360 367 Venit
389 339 458 365 rex
489 329 705 375 altissonus‚

183 387 298 426 Cuius
328 389 461 433 pectus
492 386 673 434 clipeavit

185 443 237 481 Et
267 442 315 480 ab
346 442 454 480 hoste
487 440 702 481 defensavit

239 500 437 536 Increatus
467 499 652 546 trigonus,

191 635 295 672 Deus
325 638 436 681 pater
465 634 584 681 gignit
613 639 756 681 natum,

191 691 262 737 Qui
285 701 367 728 cum
385 696 494 739 patre
512 692 633 738 spirat
650 690 791 743 flatum,

246 748 361 796 Ecce,
403 752 550 785 scutum
581 749 791 795 trigonum!

188 805 296 843 Istud
329 808 476 842 scutum
508 809 558 854 te,
591 805 728 850 Maria,

189 861 330 899 Contra
361 862 437 898 tela
468 862 541 898 tuit
555 859 588 911 1)
620 863 694 898 tria

243 918 392 968 Mundi,
405 919 541 968 carnis,
555 919 792 956 daemonum.

186 1053 287 1092 Dum
318 1058 356 1090 te
386 1054 511 1104 laudo,
553 1058 674 1091 mater
705 1054 791 1102 Dei,

186 1110 434 1148 Verecundor
463 1115 623 1157 propter
652 1111 725 1148 mei

241 1166 381 1205 Sensus
412 1167 539 1205 scabri
569 1167 766 1214 sairosim3

184 1223 284 1261 Nam
315 1224 369 1260 nil
399 1235 469 1272 ago
500 1228 538 1261 te
568 1224 773 1275 laudando,

185 1280 260 1318 Sed
273 1291 352 1318 rem
362 1281 548 1330 grandem
562 1279 790 1319 defalcando

243 1337 365 1375 Pecco
396 1348 466 1384 per
496 1338 730 1385 tapeiussim.

185 1473 289 1511 Deus
320 1474 359 1511 in
391 1480 428 1511 te
459 1485 500 1511 se
529 1474 706 1521 minorat,

184 1531 399 1568 Minoratus
429 1535 468 1568 te
498 1531 659 1568 maiorat

240 1587 462 1626 Sanctitatis
493 1588 616 1635 apice,

182 1645 300 1691 Quam
317 1645 405 1682 dum
419 1655 533 1682 conor
546 1644 823 1693 commendare,

183 1700 291 1738 Nihil
321 1702 456 1748 loquor
485 1701 523 1738 in
554 1705 661 1739 tanta
692 1711 746 1749 re,

242 1757 318 1795 Sed
350 1758 512 1795 cornicis
539 1758 675 1796 ethice.

188 1893 326 1932 Omnes
359 1894 454 1931 caeli
485 1894 724 1941 philomenae

185 1949 436 1988 Laetabundo
467 1951 537 1987 tibi
568 1951 681 1997 plene

237 2007 380 2044 Dulces
413 2011 567 2045 cantant
587 2008 784 2054 modulos3

184 2063 260 2101 Sed
291 2065 502 2101 succumbit
530 2065 727 2101 harmonia

181 2121 277 2168 Quia
307 2121 440 2167 vincis,
472 2133 494 2158 o
523 2121 661 2166 Maria,

241 2178 354 2216 Tanti
385 2178 473 2215 meli
505 2179 649 2215 titulos

183 2313 277 2352 Cum
296 2324 369 2350 non
387 2314 509 2360 possis
522 2314 635 2350 laude
648 2314 787 2363 claudi,

868 216 960 255 135.

868 635 960 675 136.

867 1054 959 1093 137.

865 1475 956 1514 138.

863 1895 957 1935 139.

863 2314 954 2354 140.

1009 216 1139 254 Omnis
1172 221 1290 265 aetas,
1323 215 1443 253 omnis
1474 225 1586 252 sexus

1006 273 1227 322 Inclinatus,
1263 283 1411 321 curvus,
1444 270 1576 323 flexus,

1063 329 1194 368 Omnis
1221 329 1336 367 cosmi
1366 329 1481 375 natio,

1007 387 1136 425 Omnis
1169 386 1265 423 caeli
1295 385 1557 433 symphonista

1007 443 1061 480 Te
1092 443 1296 493 collaudat,
1338 443 1405 480 sed
1436 453 1509 480 non
1541 442 1615 480 ista

1064 498 1215 537 Sufficit
1245 499 1426 539 laudatio.

1007 635 1094 672 Tibi
1116 636 1249 673 laudes
1271 646 1420 682 curvae,
1452 645 1607 684 pronae,

1008 692 1101 729 Tam
1119 693 1270 739 puellae
1288 703 1398 739 quam
1416 696 1611 729 matronae

1064 749 1253 796 Senesque
1285 759 1369 787 cum
1400 749 1528 795 pueris

1007 805 1139 843 Phono
1170 804 1334 843 fundunt
1363 804 1569 853 indefesso,

1005 864 1105 909 Quas
1136 862 1316 899 virtutum
1347 862 1541 898 inaccesso

1062 919 1194 956 Phono
1208 916 1242 969 2)
1275 918 1575 966 supergrederis,

1007 1054 1088 1091 Nec
1106 1055 1294 1092 Homerus
1307 1065 1428 1101 neque
1442 1050 1612 1103 Maro3)‚

1009 1111 1126 1158 Virgo
1159 1112 1276 1159 clara,
1309 1111 1397 1148 stilo
1430 1111 1532 1148 claro

1061 1168 1214 1205 Laudes
1245 1173 1328 1205 tuas
1361 1171 1525 1215 caneret,

1005 1226 1124 1262 Immo
1155 1235 1276 1272 neque
1307 1224 1464 1262 Gabriel
1494 1228 1533 1260 te

1003 1282 1128 1329 Digna
1159 1293 1278 1331 musa,
1312 1282 1424 1329 digno
1457 1281 1553 1317 celte

1062 1338 1317 1376 Lucubrando
1348 1338 1532 1385 pingeret.

1003 1476 1098 1525 Ave,
1133 1476 1238 1512 cuius
1269 1475 1307 1512 in
1339 1474 1459 1522 figura

1007 1532 1148 1569 Potens
1164 1532 1250 1578 plus
1268 1543 1378 1579 quam
1396 1542 1457 1568 ars
1474 1535 1610 1568 natura

1064 1589 1280 1635 Descripsit
1310 1588 1512 1635 ingenium,

1004 1645 1079 1683 Sed
1112 1649 1249 1683 natura
1279 1645 1545 1683 succumbente

1004 1702 1077 1740 Dei
1106 1703 1227 1749 patris
1258 1713 1320 1739 ars
1351 1702 1495 1738 intente

1063 1759 1275 1806 Complevit
1305 1759 1510 1806 negotium.

1032 1867 1041 1885 k

1003 1896 1099 1944 Ave,
1133 1896 1238 1933 cuius
1270 1894 1514 1943 pulchritudo

1004 1953 1094 1991 Plus
1113 1953 1275 2003 excellit,
1296 1951 1479 2000 quidquid
1495 1951 1605 2000 cudo,

1030 2010 1150 2056 Quam
1179 2010 1245 2047 lux
1277 2010 1368 2047 solis
1400 2007 1582 2053 faculamz,

1002 2066 1118 2113 Ergo,
1151 2067 1215 2114 qui
1246 2077 1305 2103 me
1334 2065 1571 2102 laudatorem

1003 2123 1175 2160 Laudum
1193 2124 1291 2170 leget
1309 2127 1345 2158 et
1366 2121 1603 2167 scriptorem,

1061 2179 1244 2217 Irridebit
1275 2180 1429 2216 ululam.

1003 2316 1098 2363 Ave,
1130 2316 1250 2363 virgo,
1281 2325 1377 2362 quae
1409 2315 1574 2352 candore

1000 2371 1118 2409 Nives
1150 2372 1269 2409 vincis
1302 2376 1337 2409 et
1371 2372 1506 2409 decore

1060 2429 1162 2478 Plus,
1186 2440 1297 2476 quam
1320 2439 1453 2466 corvos
1470 2428 1603 2474 lilium,

1001 2484 1115 2522 Cuius
1146 2486 1251 2522 vultu
1279 2486 1473 2532 sepelitur,

996 2542 1190 2589 Quidquid
1200 2541 1604 2589 splendensinvenitur

1055 2597 1162 2636 Infra
1193 2599 1264 2636 Dei
1297 2599 1457 2637 radium.

183 2369 238 2406 Te
269 2370 461 2407 laudando
492 2374 579 2407 tuae
607 2370 711 2407 laudi

238 2427 384 2464 Vereor
415 2426 629 2475 detrahere,

183 2483 302 2529 Quam
315 2493 389 2520 non
401 2487 527 2529 potest
539 2483 690 2522 Cherub
705 2483 834 2531 chelys

166 2539 306 2586 ‘Digne
338 2539 461 2587 dignis
492 2539 602 2585 stilis,
635 2540 743 2576 melis

237 2596 414 2644 Digniter
444 2597 631 2634 attollere.

151 2740 179 2782 ¹)
213 2742 309 2774 cluit.
334 2760 379 2763 —

152 2785 180 2874 ἓξ
214 2788 390 2866 {2331

103 2891 270 2925 Dreves,
295 2891 499 2919 Lateinische
520 2892 811 2926 Hymnendiehter.
849 2893 893 2921 ΙΙ.
1356 2891 1399 2924 41
