1785 3111
745 71 1026 111 -54—

943 188 980 226 8.
1013 187 1227 234 Augmenta
1258 185 1507 232 plenitudinis

1013 243 1115 289 Opus
1146 243 1337 279 ministrat
1369 242 1510 281 divitis.

1011 298 1121 335 Nunc
1151 302 1289 347 mente,
1320 310 1412 336 voce
1443 299 1616 345 psallite!

1011 356 1095 392 Hoc
1136 360 1267 392 nostra
1298 355 1413 392 debet.
1443 366 1547 392 mens
1577 356 1672 393 Deo.

122 190 157 227 7.
191 188 293 233 Quae
324 197 432 224 sacra
462 197 562 224 nunc
592 186 776 234 remissio,

187 243 383 282 Paschalis
414 244 537 280 instar
568 242 725 288 gratiae,

187 301 284 338 Dum
319 300 515 347 mysticam
548 299 787 345 septemplici

189 358 309 395 Ornat
340 367 516 393 coronam
548 366 715 402 munere,

194 479 319 510 Ausser
344 479 391 509 B:
422 479 551 518 Hymn.
584 489 646 510 ms.
674 478 940 510 Severinianum
975 488 1063 509 saec.
1097 477 1148 510 10.
1175 489 1225 513 ex.
1278 478 1361 512 Cod.
1387 479 1547 512 Vatican.
1575 476 1672 510 7172.

101 526 140 559 A,
158 543 202 546 —
235 525 364 564 Hymn.
396 534 458 554 ms,
480 523 747 555 Severinianum
774 533 862 558 saec,
884 522 935 555 10.
955 534 1005 558 ex,
1049 524 1133 555 (jod.
1151 524 1302 556 Parisin.
1324 521 1409 555 1092
1428 524 1463 555 C.
1482 541 1527 546 —
1543 525 1673 564 Hymn.

100 581 165 601 ms.
192 571 481 601 Beneventanum
508 579 597 600 saec·
626 567 677 600 10.
730 569 811 601 Cod.
838 570 998 600 Vatican.
1024 569 1188 600 Ottobon.
1218 567 1292 600 145.
1317 569 1360 600 D.

196 614 223 652 1,
247 614 259 645 1
284 625 373 645 unus
389 618 442 646 est
455 615 494 645 B.
509 631 554 635 —-
574 613 601 653 1,
620 612 641 645 2
654 614 785 656 linguis
800 615 930 656 linguis
944 615 991 654 133
1011 615 1168 645 militans
1183 615 1253 646 CD.
1268 631 1309 636 -
1331 612 1360 653 1,
1373 612 1395 645 4
1409 615 1559 655 perferat
1572 614 1615 645 D.
1631 631 1671 635 —-

102 658 132 698 2,
163 659 177 691 1
208 661 309 691 Facit
338 660 537 701 loquentem
571 670 672 701 quem
699 661 794 701 capit
818 660 922 691 AUD.
949 678 992 682 -—
1019 658 1048 697 2,
1075 657 1096 691 2
1122 660 1237 701 Digne
1263 660 1334 691 CD.
1360 677 1404 680 —
1428 656 1459 697 3,
1490 657 1504 690 1
1531 663 1674 690 veterna

101 706 206 737 ACD.
236 723 280 726 »-
307 702 337 742 3,
365 703 385 736 2
409 705 457 736 Et
480 706 654 736 viscerata
680 706 751 738 OD.
777 722 821 726 —
846 703 877 741 3,
903 703 924 737 3
951 705 1100 747 apostoli
1119 705 1161 736 D.
1189 723 1230 726 —
1259 703 1290 745 3,
1316 703 1338 736 4
1362 705 1468 736 verba
1492 705 1599 736 verbo
1624 704 1673 736 di-

100 751 225 782 vidunt
252 751 298 781 D.
336 766 378 772 —
413 748 452 787 4,
487 748 507 781 2
540 751 658 781 mundi
686 751 727 781 D.
752 767 796 772 ——
826 749 866 788 4,
899 749 919 781 2
945 751 1093 782 contulit
1117 752 1157 781 B.
1183 767 1225 771 —
1251 749 1290 788 4,
1327 748 1348 782 3
1381 751 1536 781 ferantur
1561 751 1602 782 D.
1628 769 1672 773 —

99 795 130 833 4,
163 795 184 827 4
219 797 338 827 Homo
372 795 479 827 habet
512 797 555 835 B,
590 797 716 828 Univit
747 806 808 827 ora
839 797 994 838 gentium
1027 796 1128 827 ACD.
1167 814 1204 817 —
1238 795 1277 834 5,
1313 795 1327 826 1
1362 797 1454 827 Trax
1488 797 1540 834 Β,
1574 796 1672 827 Tunc

99 841 225 874 Gallus
255 842 328 873 (JD.
354 858 398 862 —
423 839 458 879 5,
487 839 507 871 2
549 841 674 872 blande
701 842 742 872 D.
769 859 813 862 —
842 842 883 879 5,
909 840 929 873 3
955 842 1141 873 barbarum
1167 842 1206 872 1³».
1235 859 1276 864 --
1304 840 1343 880 5,
1368 839 1390 872 4
1415 841 1568 882 Canopis
1593 841 1673 881 CD;

99 888 291 918 murmuris
320 888 360 918 B.
386 904 429 907 —
465 884 495 923 6,
524 884 538 917 1
566 886 743 927 hispidum
769 887 838 918 AC.
863 905 908 907 —
938 885 969 925 7,
997 885 1012 917 1
1041 887 1131 926 Quid
1158 897 1257 918 sacra
1282 888 1318 918 B.
1346 904 1384 908 —
1422 885 1450 925 7,
1477 884 1498 917 3
1523 888 1671 927 mystico

100 934 141 964 D.
160 950 204 953 —
227 931 257 971 7,
275 930 297 963 4
320 933 474 963 muneris
492 932 562 965 CD.
582 949 624 952 —
643 929 673 969 8,
695 931 707 962 1
729 936 913 963 aucmenta
930 933 968 963 B.
986 950 1030 954 —
1047 930 1077 967 8,
1097 930 1117 963 2
1131 932 1222 973 Opes
1240 933 1443 963 ministrant
1459 932 1561 962 diviti
1575 932 1613 962 B.
1627 949 1671 952 —

98 976 130 1016 8,
156 976 178 1009 4
194 978 248 1009 Ut
272 981 396 1008 nostra
422 977 525 1008 debet
540 978 579 1009 B.
599 995 638 999 ——
668 978 697 1008 D
721 977 828 1018 hangt
845 978 1016 1019 folgende,
1042 977 1217 1008 natiirlich
1237 979 1374 1019 spiitere
1392 977 1588 1017 Doxologie
1606 987 1669 1008 an:

639 1069 762 1100 Gloria
788 1070 877 1109 patri
904 1069 1055 1099 Domino

640 1115 812 1155 Natoque,
839 1115 897 1154 qui
925 1124 946 1145 a
970 1115 1116 1144 mortuis

641 1159 807 1196 Surrexit,
835 1169 874 1190 ac
900 1160 1070 1199 paraclito

638 1206 677 1236 In
705 1204 922 1235 saeculorum
950 1205 1100 1236 saecula.

101 1297 282 1337 „Hymnus
308 1296 349 1326 (le
375 1295 605 1327 Pentecosten
631 1306 651 1327 a
677 1295 802 1326 domno
828 1293 1015 1326 Ennodi0“
1044 1297 1082 1326 B.

502 1474 561 1509 58.
598 1475 656 1516 (5.)
691 1474 866 1518 Hymnus
893 1473 1025 1508 sancti
1051 1473 1264 1518 Stephani.

936 1582 972 1617 5.
1004 1579 1130 1615 Nullis
1162 1580 1356 1617 subactam
1387 1581 1594 1627 gressibus,

1009 1636 1163 1673 Secreta
1194 1637 1371 1673 lustravit
1402 1639 1492 1683 poli,

1006 1694 1049 1730 In
1083 1697 1186 1729 veste
1218 1694 1342 1730 carnis
1374 1694 1527 1731 abditus

1007 1750 1215 1786 Clamavit:
1247 1750 1361 1797 Ecce,
1394 1750 1493 1787 filius

117 1582 153 1619 1.
185 1581 283 1627 Quid
318 1579 511 1626 Stephano
543 1579 764 1626 potentius‘.>

185 1638 302 1675 Dicas
336 1647 525 1683 coronam,
559 1641 705 1683 martyr
736 1641 814 1682 est;

187 1695 267 1730 Hoc
285 1698 341 1730 est
362 1693 483 1739 homo,
509 1694 608 1740 quod
627 1694 848 1739 praemium,

190 1751 353 1787 Fructus
386 1749 529 1786 laboris
561 1761 695 1786 nomen
727 1754 795 1789 est,

118 1867 155 1902 2.
188 1864 288 1900 Laus
328 1863 420 1899 haec
462 1862 588 1899 brevis
619 1863 768 1909 prolixa
798 1863 853 1909 fit.
947 1865 983 1901 6.
1018 1863 1201 1900 Consistit
1230 1862 1267 1899 in
1301 1864 1437 1901 dextra
1468 1864 1603 1910 patris.

192 1920 266 1966 Sic,
299 1920 353 1955 sic
386 1923 571 1958 vocantur
600 1920 734 1957 incliti.
1010 1919 1108 1956 Dum
1141 1931 1232 1956 saxa
1263 1918 1408 1956 ferrent
1437 1921 1556 1967 impii,

193 1977 306 2013 Necis
338 1976 522 2019 minister,
556 1977 697 2023 aspice,
1010 1976 1106 2012 Dum
1139 1976 1241 2012 mille
1271 1977 1338 2013 leti
1369 1977 1574 2024 machinas,

191 2033 249 2070 De
279 2037 399 2069 morte
431 2034 546 2069 vitam
580 2031 778 2070 conferens
1010 2032 1120 2070 Solus
1151 2033 1332 2070 bonorum
1365 2034 1535 2071 conscius

117 2148 154 2183 tl.
190 2146 273 2182 Hoc
306 2146 372 2183 dat
405 2146 530 2192 saluti,
564 2146 663 2192 quod
697 2149 817 2185 necat.
939 2143 975 2184 7.
1009 2146 1151 2183 Orabat
1182 2157 1227 2182 ex
1259 2145 1333 2182 fide
1364 2146 1532 2192 loquens,

190 2202 299 2238 Felix
332 2201 401 2238 sub
434 2202 517 2238 istis
549 2203 686 2239 ictibus
1009 2202 1066 2238 Ne
1097 2203 1307 2239 nescientes
1338 2203 1471 2239 noxios

190 2259 254 2295 Fit
285 2258 536 2304 sempiternus
568 2260 685 2307 exitu,
1012 2259 1196 2296 Caelestis
1228 2259 1285 2295 ira
1316 2260 1507 2305 perderet.

192 2315 334 2352 Cruore
366 2315 486 2351 lucem
519 2321 737 2364 praeparat,
1008 2317 1141 2352 Insons
1174 2320 1255 2352 erat
1285 2316 1451 2363 vesania,

117 2430 156 2466 4.
189 2428 343 2465 Caelum
375 2428 541 2474 sepulcri
573 2439 737 2465 munere.
937 2429 974 2468 8.
1007 2429 1126 2465 Reum
1158 2428 1264 2464 furor
1294 2433 1535 2474 provexerat,

187 2485 343 2521 Hostem
386 2489 428 2520 ut
458 2484 670 2531 triumphus
702 2484 848 2532 effugat,

190 2541 266 2578 Ceu
297 2541 424 2587 palma
455 2541 510 2577 sic
541 2542 796 2589 congreditur.

190 2598 264 2634 Hic
295 2598 441 2644 primus
473 2598 631 2633 intravit
661 2598 758 2634 viam

1007 2486 1080 2523 Per
1110 2488 1197 2521 vota
1228 2484 1406 2521 currebat
1435 2485 1555 2532 labor,

1011 2542 1168 2579 Crucem
1199 2541 1372 2587 gemebat
1403 2540 1574 2579 carnifex

1011 2598 1227 2642 Crescente,
1258 2608 1367 2644 quem
1398 2597 1610 2645 subegerat.

196 2708 233 2748 1,
271 2708 286 2740 1
313 2710 493 2748 potentius
519 2712 571 2740 est
595 2709 633 2739 B.
660 2726 701 2730 —
728 2707 764 2747 7,
800 2707 814 2739 1
842 2710 966 2741 Nescis
1000 2710 1159 2740 minister
1183 2709 1221 2740 B.
1248 2726 1291 2729 —
1316 2706 1354 2747 3,
1392 2706 1406 2739 1
1433 2714 1539 2751 negat
1562 2711 1601 2741 B.
1626 2728 1670 2732 ——-

99 2754 128 2793 6,
171 2753 185 2785 1
213 2756 382 2786 consistet
407 2755 450 2785 B.
474 2772 518 2776 ——
553 2752 583 2792 7,
617 2751 637 2785 3
663 2754 804 2795 perdere
830 2755 870 2786 B.
896 2771 938 2776 —-
974 2755 1156 2795 „Hymnus
1181 2754 1293 2785 sancti
1319 2753 1488 2795 Stephani
1513 2755 1625 2787 dictus
1650 2766 1670 2787 a

97 2800 223 2831 domno
250 2797 444 2831 Ennodi0.“
473 2797 512 2830 B.
