1785 3111
798 98 1048 138 ,8.-

143 212 274 253 pallida
299 216 351 243 est
376 214 466 254 iugis
485 213 568 250 Hs.;
596 212 624 243 G
650 212 732 242 lasst
758 214 809 242 est
839 211 931 252 iugis
956 211 1008 241 als
1033 211 1317 243 unverstandlich
1339 222 1412 243 aus.
1438 229 1480 233 —
1497 210 1529 251 6,
1558 210 1704 244 lnoctis

143 258 206 288 Hs.
234 277 277 280 —-
302 256 332 296 7,
359 255 379 288 2
404 257 607 289 subdedisse
626 258 706 289 Hs.:
733 257 762 288 G
780 256 976 287 verbessert
1000 266 1036 287 se
1061 256 1144 295 tibi3
1170 256 1277 288 allein
1302 257 1391 288 auch
1410 257 1466 289 die
1484 258 1703 290 iiberlieferte

142 304 267 334 Lesart
290 303 373 334 lasst
397 304 498 334 einen
523 306 629 343 guten
657 303 741 332 Sinn
768 312 820 332 zu.
850 318 887 321 —
919 298 970 337 13,
997 299 1017 331 2
1041 311 1186 341 corpora
1212 302 1274 332 Hs.
1303 321 1344 324 —

236 349 437 381 Gamurrini
463 348 537 378 halt
567 348 686 378 diesen
711 348 873 387 Hymnus
898 346 952 378 fiir
977 346 1038 377 das
1063 346 1172 377 Werk
1198 348 1294 378 einer
1318 349 1428 386 Frau,
1455 348 1520 379 den
1545 348 1704 380 Hilarius

142 395 179 424 in
213 395 288 425 sein
316 393 567 434 Hymnenbuch
594 393 857 433 aufgenommen
882 391 990 429 habe,
1023 391 1093 422 und
1119 392 1254 424 Schanz
1278 393 1401 425 Gesch.
1428 393 1487 424 der
1513 394 1609 426 Rom.
1634 395 1703 426 Lit.

142 439 201 477 IV7
236 437 301 470 ‘204
336 450 366 469 u.
394 439 433 468 f.:
470 438 538 478 „Es
565 439 610 467 ist
634 437 741 468 kaurn
766 436 960 478 glaublich,
994 436 1069 468 dass
1095 437 1254 469 Hilarius
1280 438 1355 470 hier
1379 439 1426 469 im
1451 439 1585 470 Namen
1610 441 1706 470 einer

141 484 317 525 Jungfrau
343 483 485 525 spricht,
513 484 576 513 wir
600 483 752 523 glauben
776 481 946 513 vielmehr
969 482 1025 513 die
1051 482 1233 514 weibliche
1259 484 1404 516 Stimme
1429 484 1538 515 selbst
1563 494 1604 514 zu
1629 495 1703 516 ver-

142 528 322 560 nelnnen.“
373 530 512 560 Diesem
537 528 697 559 Glauben
732 530 779 559 ist
811 527 919 559 sehon
951 529 991 559 L.
1023 527 1208 559 Duchesne
1236 528 1402 566 (Bulletin
1433 530 1580 571 critique
1607 527 1704 562 1887,

141 575 202 605 Nr.
238 571 293 615 13)
326 576 661 617 entgegengetreten.
720 574 799 615 Vgl.
834 572 923 604 auch
956 572 1103 603 Zeitsch.
1136 573 1157 603 f.
1191 573 1288 604 kath.
1320 574 1510 616 Theologie
1543 584 1573 605 a.
1608 585 1638 606 a.
1664 576 1704 607 O.

145 621 178 650 S.
202 617 277 650 364.
327 619 501 659 Ubrigens
535 618 629 649 kann
661 619 722 651 der
746 620 907 659 Hymnus
940 618 1028 649 auch
1064 618 1159 649 recht
1183 619 1274 649 wohl
1301 619 1360 650 der
1385 619 1491 650 durch
1517 619 1571 651 (lie
1596 620 1705 651 Taufe

145 664 467 706 wiedergeborenen
493 664 592 696 Seele
622 665 657 694 in
683 665 749 696 den
774 664 882 695 Mund
908 664 1022 704 gelegt
1048 664 1132 694 sein.

644 843 680 878 3.
717 842 776 885 (3.)
813 843 987 886 Hymnus
1014 842 1182 878 Tertius

757 925 807 964 (in
831 924 897 955 fine
923 923 1089 960 mutilus).

209 1040 246 1078 1.
281 1038 390 1076 Adae
423 1038 546 1075 carnis
577 1039 735 1085 gloriam
769 1043 803 1075 et
834 1038 967 1075 caduci
999 1039 1166 1084 corporis

280 1096 323 1132 In
355 1096 509 1132 caelesti
541 1106 688 1132 rursum
720 1096 846 1133 Adam
878 1094 1119 1132 concinamus
1150 1095 1309 1142 proelia,

278 1152 350 1189 Per
380 1163 475 1198 quae
506 1152 667 1198 primum
700 1152 859 1190 Satanas
891 1157 945 1188 est
977 1151 1101 1188 Adam
1133 1152 1254 1189 victus
1284 1152 1323 1189 in
1354 1163 1465 1189 novo,

214 1278 249 1313 ‘Na

282 1276 414 1313 Hostis
446 1274 565 1313 fallax
597 1276 831 1313 saeculorum
864 1280 900 1312 et
934 1276 1039 1313 dirae
1067 1277 1199 1313 mortis
1231 1275 1369 1314 artifex

276 1334 355 1370 Iam
389 1333 557 1369 consiliis
589 1337 668 1370 toto
699 1333 737 1369 in
768 1332 859 1369 orbe
891 1332 1073 1379 viperinis
1106 1333 1260 1370 consitis

277 1390 342 1426 Nil
373 1389 423 1426 ad
455 1380 615 1426 salutem
648 1394 844 1436 praestare
875 1400 980 1436 spem
1013 1389 1211 1427 humanam
1246 1389 1452 1427 existimat.

210 1516 245 1551 3.
281 1513 431 1550 Gaudet
461 1514 550 1558 aris,
583 1513 722 1560 gaudet
752 1514 918 1561 templis,
951 1514 1091 1560 gaudet
1121 1514 1226 1550 sanie
1257 1513 1445 1555 victimae,

279 1569 430 1607 Gaudet
462 1568 753 1617 falsissgaudet
784 1571 940 1617 stupris,
973 1571 1111 1617 gaudet
1145 1570 1235 1607 belli
1266 1570 1461 1619 sanguine,

277 1626 426 1663 Gaudet
459 1627 551 1664 caeli
588 1627 820 1664 conditorem
851 1627 1020 1673 ignorari
1051 1627 1236 1674 gentibus,

210 1753 248 1788 4.
280 1751 385 1787 Inter
415 1754 520 1786 tanta
554 1751 641 1787 dum
673 1750 839 1786 exsultat
871 1753 1024 1787 nostrae
1055 1750 1176 1786 cladis
1208 1749 1354 1793 funera„

278 1807 359 1843 Deo
392 1807 499 1843 audit
530 1807 567 1843 in
600 1806 760 1844 excelsis
793 1806 959 1843 nuntiari
991 1807 1149 1854 gloriam

278 1863 327 1900 Et
359 1864 397 1899 in
428 1868 531 1900 terra
562 1874 695 1910 pacem
726 1863 916 1899 hominum
948 1863 1154 1900 voluntatis
1184 1863 1360 1910 optimae.

215 1990 236 2025 Cf(

245 2020 251 2026 .
284 1988 416 2024 Terret
449 1991 577 2023 coetus
609 1988 828 2034 angelorum
858 1987 979 2023 laetus
1011 1987 1084 2024 ista
1114 1988 1353 2034 praedicans,

281 2044 417 2080 Terret
448 2044 638 2080 Christum
671 2044 783 2080 terris
816 2048 943 2080 natum
976 2044 1154 2089 nuntians
1185 2044 1416 2090 pastoribus,

281 2100 460 2146 Magnum
492 2101 643 2146 populis
675 2101 763 2137 hinc
795 2099 962 2136 futurum
996 2101 1208 2147 desperatis
1239 2100 1429 2147 gaudium.

211 2224 247 2261 6.
280 2223 395 2259 Errat
425 2228 554 2270 partes
585 2225 622 2261 in
656 2224 827 2261 diversas
859 2224 975 2260 tantis
1007 2223 1118 2260 rebus
1148 2225 1295 2270 anxius‚

277 2280 431 2325 Quaerit
459 2281 585 2317 audax
617 2286 667 2326 et7
701 2282 783 2327 quis
815 2281 877 2317 hic
907 2281 969 2327 sit⁷
1003 2280 1070 2317 tali
1101 2280 1236 2327 dignus
1266 2280 1410 2327 nuntio,

278 2335 382 2371 Nihil
414 2336 528 2378 ultra,
560 2348 671 2383 quam
703 2347 897 2374 commune
930 2341 998 2380 est,
1032 2337 1146 2373 terris
1177 2342 1301 2373 ortum
1331 2341 1525 2374 contuens.

214 2460 249 2497 7.
283 2459 414 2496 Cernit
444 2464 569 2496 tamen
601 2458 709 2509 (his),
742 2461 841 2507 quod
874 2460 1066 2498 Johannes
1097 2461 1134 2497 in
1168 2460 1327 2497 desertis
1360 2461 1556 2506 praedicet

280 2516 403 2568 Aquis
434 2527 602 2552 mersans
633 2518 671 2553 in
701 2517 881 2553 Jordanis
914 2518 1058 2554 cunctis
1088 2517 1369 2566 paenitentiam,

281 2574 398 2619 Quam
429 2576 608 2618 sequatur
639 2572 895 2609 confessorum
929 2574 1124 2610 criminum
1157 2573 1340 2611 remissio.

211 2697 248 2734 8.
281 2698 386 2734 Inter
417 2696 562 2742 turbas,
595 2707 690 2742 quae
723 2695 942 2743 frequenter
973 2696 1250 2744 mergebantur,
1283 2697 1421 2744 accipit

280 2753 417 2789 Vocem
451 2763 471 2789 e
503 2753 608 2789 caelo
639 2753 944 2800 praedicantem:
976 2764 1079 2789 meus
1110 2758 1167 2789 est
1197 2753 1258 2789 hic
1287 2752 1400 2800 filius,

279 2809 388 2846 Hunc
420 2809 561 2857 audite,
595 2809 656 2845 hic
689 2810 861 2856 dilectus,
894 2809 930 2845 in
965 2821 1037 2856 quo
1067 2809 1155 2846 mihi
1188 2807 1434 2855 (ιοιηρΙειοθῐ.ιζ
