1785 3111
713 76 1024 117 —533—

87 190 172 223 Cod.
196 190 454 222 Darmstadien.
480 187 543 221 521
571 191 617 221 Η.
645 207 685 211 -
704 191 803 222 Miss.
829 200 892 222 ms.
912 190 1311 222 Romano-Franciscan.
1329 190 1411 220 anui
1433 185 1529 220 1478.
1571 187 1654 218 Cod.

86 236 199 278 Capit.
223 236 412 268 Novarien.
437 235 520 267 XLI
535 233 638 275 (129).
620 236 673 272 )Ι
691 254 735 256 -
752 237 852 268 Br.ev
870 246 932 267 ms.
953 236 1019 267 FF.
1038 235 1310 267 Teutonicorum
1328 235 1411 266 anni
1432 231 1529 266 1498.
1571 232 1656 265 cod.

84 282 164 314 Mus
188 280 331 313 Bohem.
356 282 426 314 XII
451 281 482 313 G
507 280 548 313 17
573 282 616 313 K.

180 325 210 365 1,
237 325 253 358 1
289 326 535 359 Collaudemus
559 325 793 369 Magdalenae
818 326 894 358 DE.
920 343 963 348 -
991 326 1018 363 1,
1045 323 1066 357 2
1090 326 1262 357 Lacrimis
1288 325 1315 356 Ι.
1341 342 1385 346 —-
1413 324 1440 363 1,
1466 322 1487 356 3
1510 325 1590 357 lade
1616 327 1652 357 Β.

87 390 124 393 -
156 371 186 411 1,
204 370 224 403 5
249 372 297 404 Et
314 372 500 404 concordet
517 372 637 404 BCDF
639 372 716 404 GH.
738 389 778 393 —
797 369 827 404 2.
847 370 866 403 5
885 372 1025 404 Crimen
1043 371 1090 410 A,
1117 372 1203 403 texit
1219 371 1277 402 ΒΙ.
1295 389 1337 392 —
1356 368 1386 408 2,
1406 368 1426 402 6
1446 371 1522 402 Lav
1525 380 1653 406 acr‚um

85 417 178 459 quod
203 419 330 450 meruit
354 419 393 449 Β.
417 435 462 440 -
494 415 525 455 3,
552 415 573 449 2
604 418 696 449 Rivo
729 408 835 448 fontis
869 418 1053 449 immaduit
1076 418 1103 447 Ι.
1129 434 1173 438 -
1197 414 1228 454 3,
1255 414 1275 448 3
1301 416 1415 448 fundit
1440 417 1478 447 A.
1508 433 1547 437 —-
1573 414 1605 454 3,
1631 414 1652 446 6

85 463 230 496 Caelum
262 467 356 495 terra
391 463 474 503 CG,
506 463 649 496 Caelum
683 466 795 494 terrae
826 464 871 503 F·
906 464 1015 495 Terra
1047 462 1144 494 03010
1171 463 1208 493 B.
1234 480 1279 483 —
1306 459 1339 500 4,
1368 459 1389 493 3
1414 462 1461 493 Et
1484 462 1655 503 unguenti

84 509 158 541 AF.
183 526 227 531 —
258 507 291 548 4,
317 507 338 540 5
364 508 543 550 Spiritalis
576 510 739 540 unctione
765 509 791 539 Ι.
818 525 861 529 -
889 507 921 546 4,
947 508 966 540 6
994 509 1107 551 Aegra
1132 509 1232 539 unxit
1256 508 1294 539 F.
1319 524 1364 528 —
1392 505 1422 545 5,
1449 505 1470 539 2
1495 508 1542 548 Sp
1545 508 1655 539 iritali

84 555 199 596 gratia
230 555 258 586 Ι.
283 571 329 575 -
360 552 391 594 5,
416 551 438 586 3
470 554 561 586 hanc
585 554 708 586 dilexit
732 555 758 586 Ι.
786 571 828 574 -
855 552 885 590 5,
912 552 932 585 5
959 554 1119 585 Christus
1145 553 1172 583 1.
1198 570 1242 574 ——
1268 551 1298 591 6,
1324 550 1345 584 2
1370 518 1542 594 paschalip
1553 553 1652 585 BCF.

84 615 125 621 —
145 597 177 639 6,
195 597 216 631 3
232 601 353 642 Agnus
371 604 483 632 morte
499 603 633 642 pugnat
650 601 685 636 Ι;
711 601 856 641 Agimus
875 604 989 631 mente
1007 601 1043 631 F.
1064 616 1108 620 —
1125 596 1155 636 6,
1176 596 1196 629 6
1213 599 1342 630 Ferens
1359 600 1480 630 mortis
1500 600 1656 640 praemia

85 646 124 680 C.
159 663 204 667 —
237 646 304 679 Str.
338 643 358 677 5
391 645 463 676 und
496 646 516 676 6
549 645 683 678 fehlen:
717 655 762 676 311
800 645 866 677 Str.
902 644 925 676 4
952 644 1109 677 schliesst
1134 643 1208 675 sich
1234 644 1323 675 ohne
1349 643 1655 685 Unterbreohung:

84 687 296 723 Aestimavit
321 691 545 722 hortulanum
571 695 634 723 etc.
661 691 702 723 G.

433 869 514 906 364.
551 870 609 911 (2.)
643 870 702 905 1)0
729 869 873 905 sancta
898 868 1030 904 Maria
1055 868 1311 911 Magdalena.

724 929 778 960 Ad
803 929 1032 961 Nocturnum.

87 1023 124 1061 1.
172 1021 403 1059 Aestimavit
432 1021 675 1059 hortulanum
908 1023 946 1059 4.
993 1021 1081 1058 Iesu
1112 1020 1221 1066 bone,
1260 1021 1347 1057 Iesu
1376 1019 1452 1066 pie,

228 1079 279 1116 Et
309 1079 382 1116 hoc
411 1088 503 1115 sane
534 1077 713 1124 credidit,
1051 1077 1149 1123 Quid
1185 1081 1222 1113 te
1253 1080 1469 1113 monstrans
1499 1074 1658 1112 latitas?

175 1135 395 1173 Seminabat
425 1135 524 1172 enim
555 1145 726 1183 granum,
993 1135 1092 1181 Quid
1123 1134 1292 1171 occultas
1323 1137 1360 1169 te
1390 1132 1552 1181 Mariae,

227 1193 336 1239 Quod
376 1192 415 1229 in
446 1196 609 1229 mentem
642 1191 792 1236 cecidit,
1052 1191 1221 1229 Mentem
1255 1190 1358 1228 cuius
1390 1188 1572 1226 habitas?

172 1249 360 1296 Linguam
382 1249 499 1286 movit
521 1252 557 1284 et
580 1259 652 1285 non
671 1259 834 1297 manum,
995 1248 1102 1285 Intus
1133 1248 1247 1294 plena
1278 1257 1368 1284 vero
1398 1247 1460 1283 die

226 1306 375 1354 Lingua
404 1306 529 1342 Iesum
558 1305 712 1343 indidit.
1051 1304 1197 1353 Nescit,
1228 1303 1295 1341 ubi
1326 1304 1480 1342 veritas.

22 1454 30 1461 .
86 1409 122 1446 2.
168 1407 253 1444 Non
286 1408 439 1454 agnovit
468 1407 618 1455 figurali
907 1410 943 1447 5.
991 1408 1021 1445 O
1053 1418 1165 1453 quam
1197 1407 1291 1443 mire
1322 1407 1409 1443 Iesu
1439 1406 1553 1455 ludis,

226 1464 427 1501 Latentem
458 1464 634 1512 imagine,
1045 1465 1081 1501 A
1113 1463 1248 1511 quibus
1283 1463 1474 1511 diligeris!

169 1521 311 1558 Mentis
340 1532 472 1569 agrum
503 1521 668 1568 spiritali
992 1521 1152 1567 Quando
1182 1521 1297 1566 ludis,
1329 1531 1403 1557 non
1435 1519 1579 1561 illudis,

225 1578 474 1615 Excolentem
504 1578 660 1621 semine,
1050 1578 1131 1615 Nec
1163 1576 1265 1615 fallis
1297 1587 1367 1614 nec
1399 1575 1557 1621 falleris,

171 1634 247 1672 Sed
279 1645 362 1672 cum
394 1645 475 1672 eam
508 1635 665 1683 speciali
993 1634 1056 1672 Sic
1087 1635 1265 1680 includis,
1295 1634 1396 1680 quod
1429 1633 1610 1677 excludis.

226 1691 451 1739 Designavit
479 1693 642 1730 nomine.
1049 1691 1170 1728 Notus
1207 1702 1281 1728 non
1312 1690 1541 1738 agnosceris,

93 1795 126 1830 3.
176 1793 282 1830 Haec
313 1805 333 1830 a
365 1795 453 1831 Iesu
483 1794 608 1830 Iesum
640 1793 801 1841 quaerit,
912 1797 949 1832 6.
997 1793 1130 1831 Gloria
1161 1797 1198 1830 et
1229 1793 1348 1830 honor
1378 1792 1461 1841 tibi,

226 1849 424 1888 Sublatum
456 1850 712 1901 conqueritur,
1053 1850 1161 1899 Spes,
1194 1851 1283 1895 vita,
1318 1850 1382 1887 lux
1414 1850 1574 1897 animae,

173 1907 298 1944 Iesum
328 1907 430 1944 intus
461 1912 586 1943 mente
617 1908 726 1955 gerit,
999 1908 1070 1944 Per
1101 1918 1210 1954 quem
1243 1912 1373 1954 sperat
1404 1917 1443 1944 se
1470 1906 1660 1953 proscribi

233 1964 339 2001 Iesus
369 1974 550 2010 praesens
582 1964 788 2011 quaeritur,
1052 1964 1170 2001 Libro
1201 1964 1334 2001 mortis
1366 1964 1574 2011 pessimae3

175 2021 343 2058 Mentem
376 2021 479 2069 colit,
511 2026 674 2058 mentem
706 2021 800 2057 serit
996 2022 1197 2059 Praestent
1228 2021 1301 2058 sibi
1331 2032 1398 2058 nos
1431 2019 1618 2057 conscribi

227 2078 345 2121 Iesus,
378 2088 448 2114 nec
477 2078 702 2124 percipitur.
1051 2078 1283 2115 Peccatricis
1314 2078 1506 2114 lacrimae.

180 2177 324 2210 Collect.
357 2188 420 2209 mS.
454 2178 622 2209 Pratense
654 2177 711 2215 (ol.
744 2178 1034 2217 Cirencestren.?)
1066 2188 1154 2209 saec.
1191 2175 1242 2209 13.
1277 2188 1329 2208 ex.
1388 2177 1471 2209 Cod.
1505 2177 1656 2208 Parisin.

85 2220 216 2255 11867.
242 2223 284 2254 A.
311 2239 354 2244 —
381 2223 524 2255 Collect.
551 2234 613 2254 mS.
638 2223 800 2254 Italicum
828 2233 917 2254 saec.
948 2221 998 2255 14.
1025 2225 1071 2254 in.
1114 2223 1198 2255 Cod.
1216 2223 1378 2254 Rossian.
1405 2222 1455 2253 IX
1481 2219 1535 2254 43.
1555 2223 1594 2253 B.
1612 2239 1657 2243 —-

83 2269 188 2300 Brev.
215 2279 276 2300 ms.
302 2269 369 2300 FF.
395 2269 668 2300 Teutonicorum
693 2279 783 2300 saec.
812 2266 864 2299 14.
915 2268 998 2300 Cod.
1026 2268 1402 2310 Claustroneoburgen.
1431 2266 1528 2300 1196.
1555 2268 1592 2300 C.
1613 2285 1658 2288 —

83 2315 187 2346 Brev.
213 2325 276 2345 ms.
303 2314 594 2356 Cantabrigiense
619 2323 708 2345 saec.
737 2312 789 2345 15.
831 2314 914 2345 uod.
934 2316 1088 2345 Duacen.
1119 2312 1191 2345 167.
1218 2315 1259 2345 D.
1278 2331 1321 2335 -
1339 2314 1464 2345 Diui-n.
1485 2317 1519 2345 et
1539 2314 1656 2355 hymn.

86 2370 150 2391 ms.
177 2359 394 2391 Benedictin.
421 2360 555 2390 Suecic.
582 2369 672 2390 saec.
700 2357 752 2390 15.
796 2359 879 2391 Cod.
906 2359 1074 2400 Upsalen.
1101 2360 1127 2391 C
1152 2357 1229 2390 477.
1256 2359 1298 2391 E.
1323 2377 1367 2381 —
1391 2360 1493 2391 Brev.
1518 2359 1657 2390 Emme-

85 2414 245 2436 ramense
280 2414 370 2436 saec.
407 2402 457 2435 15.
494 2404 580 2436 Clm.
612 2405 797 2436 Monacen.
836 2403 962 2438 14757.
996 2405 1032 2436 F.
1067 2422 1111 2426 —-
1145 2405 1240 2436 Orat.
1267 2416 1329 2436 ms.
1355 2405 1547 2446 Campense
1573 2405 1657 2436 anni

88 2447 187 2482 1462.
229 2450 312 2482 Cod.
340 2450 597 2482 Darmstadien.
619 2447 695 2480 521.
713 2450 753 2481 G.
774 2467 816 2471 —
836 2451 937 2482 Brev.
956 2451 1022 2482 FF.
1041 2450 1312 2482 Teutonicorum
1331 2451 1415 2482 anni
1436 2447 1523 2482 1498
1575 2450 1658 2482 Cod.

84 2496 174 2527 Mus.
200 2495 344 2527 Bohem.
373 2496 443 2527 XII
469 2495 498 2527 G
526 2493 577 2526 17.
603 2495 647 2526 H.

180 2539 208 2579 1,
233 2538 255 2573 3
280 2541 476 2573 Seminavit
499 2541 541 2572 E.
568 2557 610 2561 —
640 2538 668 2578 1,
695 2539 715 2571 5
740 2542 914 2583 Linguam
940 2542 1039 2572 novit
1063 2541 1135 2573 AB.
1162 2559 1203 2564 -
1223 2541 1289 2573 Str.
1319 2539 1339 2573 2
1364 2541 1451 2573 fehlt
1468 2542 1506 2572 F.
1526 2557 1567 2562 -
1585 2538 1615 2579 2,
1639 2539 1653 2572 1

85 2587 174 2619 Nam
200 2588 345 2629 agnovit
369 2586 410 2619 G.
437 2604 478 2608 —
507 2584 538 2624 2,
566 2584 585 2617 5
612 2596 660 2627 sq.
687 2586 887 2629 designavit
913 2586 1059 2628 speciali
1083 2586 1125 2618 Ε.
1152 2604 1195 2608 -
1220 2584 1251 2625 3,
1281 2586 1295 2619 1
1323 2588 1392 2619 Hic
1415 2597 1434 2618 3
1452 2587 1533 2618 Iesu
1551 2587 1591 2618 G.
1613 2603 1657 2607 —

84 2629 124 2670 3,
156 2630 176 2662 6
208 2642 278 2663 non
311 2633 521 2673 perspicitur
552 2633 589 2663 F.
623 2649 663 2653 —
698 2631 739 2670 4,
775 2630 790 2662 1
823 2630 921 2667 Iesu,
955 2629 1055 2670 Iesu,
1089 2633 1169 2664 Iesu
1202 2634 1258 2674 pie
1291 2635 1328 2665 B.
1361 2650 1406 2654 —
1437 2631 1474 2665 4.
1509 2629 1530 2662 2
1565 2631 1657 2670 Quid

85 2677 328 2709 demonstrans
361 2677 481 2709 latitas
512 2678 552 2708 A.
587 2696 627 2699 —
661 2676 694 2714 4,
720 2676 742 2708 4
765 2678 883 2708 Mente
909 2678 1008 2708 cuius
1032 2677 1105 2709 BG.
1131 2696 1173 2700 —
1201 2677 1232 2716 5,
1261 2677 1275 2710 1
1303 2680 1383 2710 Ιο511
1407 2677 1522 2708 laudis
1548 2678 1587 2708 C.
1614 2693 1656 2697 -

85 2719 116 2760 5,
141 2719 162 2753 3
194 2733 258 2754 nec
290 2722 411 2754 illudis
436 2724 473 2754 F.
500 2740 542 2744 —-
569 2721 600 2759 5,
629 2722 649 2754 5
676 2723 742 2755 Sed
770 2722 920 2754 includis
946 2723 992 2762 Α,
1027 2733 1090 2754 nec
1114 2724 1272 2755 excludis
1297 2725 1342 2762 Fg
1368 2724 1442 2754 Iam
1467 2723 1598 2753 amanti
1623 2725 1657 2752 te

85 2767 242 2799 excludis
273 2767 315 2799 E.
349 2784 392 2790 -—
425 2766 455 2806 6,
483 2766 499 2799 1
527 2772 560 2800 et
586 2769 698 2800 honor
723 2767 857 2800 christi
882 2768 918 2799 F.
945 2785 989 2789 —
1014 2766 1044 2806 6,
1071 2766 1091 2799 2
1118 2769 1205 2810 Spes
1231 2770 1325 2800 vitae
1350 2770 1389 2801 G.
1417 2784 1459 2789 —-
1485 2765 1514 2804 6,
1541 2764 1562 2798 3
1586 2767 1653 2798 Per

86 2822 190 2854 quam
214 2812 287 2844 BE.
312 2831 357 2834 —
382 2812 414 2852 6,
438 2812 460 2844 4
484 2815 606 2845 mortis
632 2814 757 2845 anxiae
782 2814 820 2844 F.
