1785 3111
723 111 918 152 —647
981 135 1033 140 —-

93 228 130 267 3.
176 226 367 273 vergente
397 227 492 265 caeli
521 227 674 264 numine
917 229 954 268 5.
1000 227 1184 265 Occasum
1215 228 1271 264 sol
1302 227 1465 264 retineat

176 283 345 322 Verbum
376 284 531 330 angelus
561 284 723 332 nuntiat,
997 284 1091 322 Cata
1120 294 1229 321 mane
1259 282 1496 330 refulgendo,

176 340 302 377 Maria
332 352 429 378 novo
461 341 613 387 lumine,
998 340 1100 378 Alba
1130 341 1220 378 luna
1252 341 1414 378 emineat

178 397 258 442 Quo
291 396 485 434 Christum
517 398 625 434 nobis
656 397 793 445 pariat,
999 397 1078 435 Nos
1111 398 1222 434 simul
1254 396 1509 444 respiciendo,

176 453 421 490 Microcosmi
451 454 691 502 salvatorem,
1000 454 1054 492 Ut
1085 458 1253 491 extremo
1284 454 1426 491 iudicio

176 510 246 556 Qui
277 521 346 556 per
376 511 486 557 pium
510 522 579 548 nos
609 521 776 548 amorem
1003 510 1188 548 Sistamus
1219 511 1300 548 sine
1333 511 1423 548 vitio

234 569 268 603 A
299 567 472 614 gehenna
502 572 691 615 protegat.
1062 567 1175 605 Casta
1205 567 1330 604 meriti
1363 568 1450 605 vita.

91 670 130 707 4.
177 667 293 707 Cuius
326 666 417 705 forti
447 669 642 715 potentiae
919 670 956 709 6.
1004 670 1059 706 Το
1091 669 1354 716 deprecamur,
1387 668 1560 714 Domine,

179 724 301 762 Nemo
333 729 459 772 potest
491 726 682 773 resistere,
1002 725 1073 770 Qui
1104 725 1252 772 lapsum
1280 727 1354 762 seis
1384 726 1423 762 in
1455 724 1617 772 homine,

179 781 254 819 Sed
290 785 420 819 tantae
451 786 508 818 est
537 781 771 832 clementiae,
1002 781 1264 818 Incastitatem
1296 782 1495 828 reprimas,

175 839 256 885 Qua
285 839 483 885 nequimus
517 838 702 883 deficere5
1002 838 1206 884 Frugalem
1239 839 1355 876 vitam
1387 837 1573 887 conferas,

176 895 278 933 Hinc
309 895 468 932 eandem
498 895 757 942 imploremus,
1001 894 1053 932 Ut
1084 898 1208 931 tecum
1239 895 1278 932 in
1308 895 1457 932 laetitia

176 951 229 990 Ut
260 956 417 998 peccata
448 953 704 998 emendemuS‚
1002 951 1172 988 Tandem
1204 952 1284 989 sine
1316 951 1506 989 maestitia

231 1009 335 1054 Quae
365 1009 428 1045 hic
457 1009 520 1055 pie
551 1009 732 1056 corrigat.
1058 1008 1244 1045 Canamus
1276 1019 1404 1045 omnes
1435 1009 1500 1047 ita.

184 1086 224 1118 A.
250 1086 308 1118 fol.
337 1084 400 1118 127
411 1096 441 1118 a.
467 1103 510 1108 —

501 1209 582 1245 425.
619 1209 677 1253 (8.)
714 1208 883 1246 Carmen
909 1209 1071 1245 Zanctis
1097 1209 1249 1244 datum.

93 1301 129 1343 1.
178 1304 321 1350 Victor,
354 1304 463 1341 miles
495 1305 766 1355 sanctissimus,
916 1307 953 1343 4.
1000 1304 1164 1342 Eleazar
1193 1307 1233 1340 ut
1265 1303 1479 1340 vitulum

176 1359 331 1398 Effulsit
356 1361 395 1397 in
428 1361 589 1399 ecclesia
1000 1361 1064 1399 Sic
1094 1361 1156 1397 hic
1188 1360 1329 1397 cibavit
1360 1360 1557 1407 proprium

174 1417 226 1455 Ut
256 1417 414 1465 homo,
451 1418 554 1463 leo,
587 1418 787 1455 vitulus
1002 1419 1075 1456 Per
1105 1421 1265 1454 mortem
1297 1421 1333 1454 et
1364 1417 1588 1464 martyrium

175 1474 228 1511 Et
258 1474 390 1512 volans
420 1475 530 1512 avis
562 1475 679 1522 regia.
1003 1474 1149 1521 Corpus
1181 1474 1217 1511 in
1251 1473 1478 1511 sacrificium

175 1530 321 1568 claruit
351 1532 390 1568 in
420 1542 546 1579 pugna
998 1531 1062 1578 Et,
1095 1531 1182 1578 quia
1214 1529 1324 1567 fortis
1357 1535 1452 1577 erat,

231 1588 342 1624 nimis
373 1588 481 1625 miles
512 1588 585 1625 iste
617 1587 728 1626 beata
1057 1589 1167 1625 Iosue
1198 1587 1376 1624 bellando
1408 1591 1558 1624 secutus

172 1645 328 1691 Iamque
358 1644 429 1682 Dei
461 1645 568 1682 vultu
1001 1645 1094 1683 Cum
1126 1644 1287 1681 Domino
1318 1649 1418 1681 totus

230 1699 406 1748 fungitur
437 1701 580 1748 absque
610 1706 724 1741 metu.
1056 1711 1156 1738 1111110
1187 1702 1267 1738 51110
1298 1700 1373 1738 fine
1405 1705 1542 1740 manet.

88 1804 125 1841 2.
173 1803 203 1841 Ο
234 1802 374 1840 1101110
407 1803 503 1853 pius,
537 1804 700 1851 patiens,
911 1806 947 1842 5.
994 1803 1068 1840 Hic
1099 1803 1209 1841 avis
1242 1803 1325 1840 visu
1354 1803 1549 1850 limpidus,

174 1859 204 1898 Ο
236 1860 380 1905 Victor,
412 1860 521 1897 miles
552 1860 696 1908 inclite,
995 1860 1170 1907 Superna
1200 1860 1297 1896 vidit
1329 1860 1482 1905 clarius,

171 1916 360 1953 Amabilis
392 1917 672 1965 commilitibus,
998 1917 1061 1954 Ad
1092 1917 1170 1954 alta
1200 1917 1332 1954 volans
1363 1916 1498 1954 avidus

174 1971 403 2010 Consortans
433 1974 502 2011 hos
533 1973 752 2013 virtutibus.
997 1974 1153 2012 Caelum
1185 1974 1285 2020 cepit
1317 1974 1551 2020 quantocius

173 2029 286 2067 Hunc
315 2030 499 2068 Dominus
531 2030 697 2078 pugilem
997 2030 1130 2068 Gloria
1161 2031 1210 2067 sit
1241 2030 1404 2067 Domino

230 2087 402 2134 repperit
433 2088 577 2124 cunctis
603 2088 837 2140 vigilantem,
1052 2086 1186 2125 famuli
1216 2086 1330 2123 felice
1360 2087 1574 2136 triumpho;

173 2143 366 2190 Quemque
396 2154 511 2191 super
541 2145 722 2191 populum
994 2144 1138 2194 Hostis,
1172 2154 1282 2190 quem
1313 2144 1418 2191 vicit,

167 2239 170 2243 ,
227 2200 361 2237 statuit
390 2200 475 2247 ipse
505 2212 624 2239 suum.
1050 2200 1288 2247 perniciosus
1321 2204 1415 2238 erat.

84 2302 122 2341 3.
169 2301 244 2339 Hic
275 2302 401 2339 audax
431 2303 510 2339 leo
542 2303 684 2339 restitit
911 2305 947 2342 6.
995 2302 1025 2340 O
1056 2306 1167 2348 pater
1197 2302 1466 2349 amantissime,

168 2359 433 2406 Tyrannorum
464 2359 664 2406 suppliciis
994 2359 1024 2397 Ο
1057 2359 1200 2408 Victor,
1236 2359 1344 2396 miles
1375 2359 1520 2408 inclite,

167 2414 334 2465 Nisibus,
369 2415 505 2461 quibus
537 2415 673 2464 potuit,
992 2416 1036 2452 In
1067 2416 1128 2453 via
1160 2413 1219 2452 fer
1249 2415 1444 2465 auxilium,

166 2472 303 2509 Mundi
335 2471 535 2518 carnisque
565 2472 668 2508 vitiis
993 2471 1090 2509 Nam
1122 2483 1219 2509 vana
1250 2473 1351 2510 salus
1383 2472 1587 2511 hominum.

167 2529 294 2575 Atque
323 2539 437 2565 manu
468 2527 559 2565 forti
994 2528 1122 2565 Verba
1152 2529 1207 2565 tui
1239 2528 1371 2566 famuli

225 2585 413 2631 percussit
443 2589 479 2621 et
512 2595 577 2621 ore
608 2584 768 2634 Goliam,
1049 2583 1162 2622 felice
1193 2584 1332 2635 [sume]
1365 2586 1571 2633 triumpho,

166 2640 255 2678 Fiat
284 2646 326 2679 ut
357 2653 378 2679 a
409 2641 573 2678 Domino
994 2641 1106 2679 Sume
1137 2653 1271 2689 preces
1303 2643 1450 2689 populi,

221 2709 356 2746 magna
387 2699 488 2735 salus
521 2699 674 2745 populo.
933 2694 936 2698 ’
1050 2710 1142 2745 quos
1174 2699 1281 2736 dabit
1312 2700 1394 2747 ipse
1425 2699 1508 2738 tibi.

172 2798 210 2829 B.
243 2815 287 2819 —
325 2796 355 2837 1,
384 2797 403 2830 7
438 2800 583 2841 Iamque
616 2799 657 2831 de
683 2799 793 2831 vultu.
820 2815 862 2821 -
888 2796 919 2837 5,
948 2796 964 2830 1
992 2800 1021 2830 O
1047 2800 1134 2831 avis.
1163 2816 1204 2820 —
1230 2798 1260 2838 6,
1289 2798 1307 2831 7
1333 2810 1444 2841 prece.
1470 2818 1514 2821 —
1539 2800 1606 2832 Str.
1632 2798 1652 2832 6

80 2842 175 2875 dient
200 2843 252 2874 als
278 2844 467 2876 Rundreim
492 2845 562 2876 und
588 2844 680 2876 steht
704 2844 757 2876 als
783 2844 918 2877 solcher
943 2844 1059 2876 hinter
1085 2846 1154 2877 Str.
1181 2842 1211 2876 2.
