1785 3111
725 75 1037 115 —223—

415 190 452 228 4.
485 189 665 237 Corrigas
695 189 828 240 ipsam,
862 200 1011 239 precor,
1045 190 1154 240 alme,
1188 189 1315 240 vitam,

379 2031 444 2070 10.

377 2339 441 2377 11.

376 2634 439 2673 12.

481 247 637 284 Fraude
663 246 849 284 devictam
884 247 1060 293 vitiisque
1090 247 1232 293 tritam,

483 303 538 342 Ut
568 303 638 340 tibi
673 303 836 351 dignam,
870 304 986 353 Deus,
1020 303 1260 351 obsequelam

590 361 669 398 Iam
699 361 811 398 modo
843 361 998 400 solvam.

441 526 449 535 .
480 496 612 533 Tende
643 496 891 543 praecelsam,
925 501 1026 545 peto,
1059 501 1200 547 sancte,
1237 498 1408 535 dextram

480 553 532 590 Et
563 552 651 600 fuga
683 551 833 590 foedam
866 554 1087 601 variamque
1116 555 1275 602 lepram,

483 610 587 648 Pelle
618 610 692 647 iam
724 621 874 655 noxam,
908 611 1064 647 nimium
1095 611 1267 648 nocivam

590 667 711 703 Delue
745 668 906 715 culpam.

440 831 447 839 .
480 802 606 848 Expia
636 812 791 840 vernam
824 803 1039 849 reparando
1071 801 1242 853 formam,

480 858 631 896 Exhibe
662 863 811 906 gratum
845 860 954 896 citius
982 860 1183 908 medelam,

479 916 596 953 Forte
629 927 675 952 ne
705 920 842 953 tetram
874 928 964 954 ruar
994 918 1033 953 in
1064 918 1274 964 gehennam

588 973 781 1010 Daemone
813 973 977 1020 plenam.

439 1138 447 1147 .
481 1109 627 1155 Nempe
658 1114 698 1146 tu
729 1109 893 1155 pridem,
924 1110 1038 1156 Deus,
1072 1110 1171 1147 hunc
1197 1111 1236 1148 in
1257 1111 1387 1148 orbem

480 1167 649 1203 Veneras
681 1177 829 1203 omnem
861 1177 1034 1204 recreare
1066 1168 1229 1214 plebem⁷

480 1223 663 1261 Omnibus
696 1233 826 1269 pacem
860 1224 1086 1271 populisque
1112 1225 1235 1261 lucem

586 1279 706 1317 Ferre
738 1291 955 1326 perennem.

481 1417 612 1464 Tuque
643 1417 853 1466 mortalem,
887 1418 990 1455 Deus
1021 1418 1132 1458 alme.
1166 1428 1317 1455 carnem

479 1473 704 1520 Sumpseras
735 1473 849 1520 idem,
882 1475 993 1511 homo
1025 1473 1147 1512 factus
1177 1479 1305 1512 autem

479 1531 652 1568 Fuderas
686 1531 834 1567 dulcem
867 1532 977 1568 simul
1006 1535 1044 1568 et
1072 1531 1264 1569 salubrem

586 1588 729 1634 Sponte
760 1599 945 1627 cruorem.

437 1753 445 1762 .
477 1724 662 1771 Haneque
693 1735 763 1771 per
794 1729 953 1761 mortem
984 1725 1182 1772 religando
1215 1724 1353 1762 fortem

476 1781 636 1818 Liberas
668 1792 829 1829 omnem,
863 1787 1073 1831 reparator,
1107 1782 1250 1832 orbem,

475 1839 577 1876 Vasa
609 1839 810 1876 caelestem
843 1839 1026 1876 revehens
1058 1839 1107 1877 ad
1139 1850 1263 1876 arcem

584 1896 687 1942 Rege
718 1896 913 1935 nitentem.

477 2032 600 2069 Tanta
633 2037 685 2078 tu,
718 2037 851 2080 pastor
880 2033 1100 2080 pariterque
1134 2033 1278 2080 doctor,

476 2089 618 2135 Perpes
649 2089 802 2126 adiutor
833 2090 930 2137 iugis
961 2095 1073 2137 atque
1104 2093 1218 2141 tutor,

474 2145 651 2193 Feceras,
686 2147 831 2195 ductor,
866 2151 969 2184 sator
1001 2151 1038 2184 et
1068 2147 1289 2194 redemptor

582 2202 696 2240 Lucis
723 2207 760 2240 et
791 2208 935 2241 auctor.

476 2338 535 2376 Sis
565 2339 658 2376 mihi
690 2338 825 2389 factor,
858 2340 950 2377 mihi
980 2340 1031 2377 sis
1063 2344 1100 2377 et
1129 2341 1241 2389 altor,

471 2395 567 2432 Esto
598 2400 796 2443 protector
826 2397 1038 2444 iugiterque
1070 2401 1208 2443 rector,

472 2451 567 2489 Esto
599 2451 790 2500 defensor,
823 2454 925 2490 necis
957 2465 978 2490 o
1008 2458 1240 2501 peremptor,

581 2509 740 2559 Semper
772 2514 807 2546 et
840 2511 953 2549 ultor.

470 2634 565 2671 Esto
597 2634 764 2672 salvator
795 2634 905 2671 simul
937 2639 974 2671 et
1006 2635 1174 2686 ducator,

473 2690 531 2728 Sis
563 2691 805 2738 gubernator,
840 2692 943 2728 velut
974 2702 1012 2729 es
1045 2696 1205 2742 creator,

454 2747 529 2796 ‘Sis
560 2748 818 2794 triumphator
846 2748 938 2785 mihi
969 2749 1048 2787 sive
1079 2750 1201 2787 victor

577 2804 626 2841 Et
657 2809 869 2852 superator.
