1785 3111
695 82 742 86 —
806 57 888 98 429

106 173 143 211 3.
178 171 294 219 Virga
326 172 442 219 Iesse,
475 182 561 218 spes
592 182 799 218 oppressae

231 228 372 265 Mentis
404 232 441 265 et
471 227 668 278 refugium,

173 285 298 322 Decus
329 285 474 333 mundi,
505 285 569 321 lux
600 283 794 334 profundi,

231 341 383 378 Domini
413 341 634 380 sacrarium.

102 445 141 482 4.
173 443 283 480 Vitae
314 442 447 493 forma,
479 454 625 480 morum
657 455 802 491 norma,

230 500 430 538 Plenitudo
462 500 618 549 gratiae,

172 557 246 594 Dei
276 557 462 603 templum
494 562 531 593 et
563 558 776 605 exemplum

228 613 361 651 Totius
394 613 575 652 iustitiae.

105 719 141 755 5.
175 717 300 763 Virgo,
325 717 442 763 salve,
461 727 530 763 per
547 727 656 763 quam
675 717 808 754 valvae

231 773 335 811 Caeli
367 777 499 821 patent
529 773 690 819 miseris,

174 830 292 876 Quam
328 841 401 867 non
433 828 551 875 flexit,
583 840 653 866 nec
682 830 805 866 illexit

228 887 351 924 Fraus
383 887 571 934 serpentis
603 886 756 926 veteris,

106 990 142 1027 6.
175 988 352 1026 Gloriosa
385 992 421 1024 et
453 987 618 1025 formosa

232 1044 358 1082 David
390 1045 489 1092 regis
520 1044 610 1092 filia,

174 1102 291 1147 Quam
323 1101 438 1148 elegit
469 1112 548 1146 rex,
582 1101 645 1148 qui
677 1102 774 1149 regit

229 1158 281 1195 Et
309 1158 453 1195 creavit
484 1159 621 1197 omnia.

108 1263 144 1300 7.
177 1260 335 1299 Gemma
367 1261 518 1306 decens,
551 1271 638 1298 rosa
664 1270 810 1307 recens,

232 1317 429 1356 Castitatis
460 1318 594 1366 lilium,

176 1374 330 1412 Castum
361 1374 516 1411 chorum
545 1374 594 1411 ad
627 1375 798 1421 polorum

232 1431 335 1477 Quae
365 1431 546 1478 perducis
576 1431 768 1479 gaudium,

99 1535 136 1573 8.
168 1534 341 1572 Rationis
374 1538 411 1570 et
441 1533 625 1571 sermonis

225 1590 464 1628 Facultatem
496 1590 633 1638 tribue,

170 1647 223 1686 Ut
253 1652 404 1684 tuorum
436 1647 656 1684 meritorum

227 1704 381 1741 Laudes
413 1715 585 1755 promam
617 1710 787 1743 strenue.

108 1808 145 1846 9.
176 1807 275 1854 Opto
305 1807 431 1855 nimiS,
464 1810 505 1842 ut
535 1806 723 1853 imprimis

229 1863 300 1900 Tui
333 1864 398 1900 des
430 1863 662 1911 memoriam,

174 1920 227 1959 Ut
258 1918 480 1966 frequenter
511 1924 547 1956 et
579 1920 758 1956 decenter

231 1978 350 2015 Tuam
383 1981 530 2014 cantem
561 1976 732 2023 gloriam.

79 2081 144 2118 10.
178 2079 356 2125 Quamvis
387 2082 492 2116 muta
523 2083 560 2115 et-
588 2079 735 2126 polluta

233 2136 322 2173 Mea
352 2136 470 2173 sciam
500 2135 614 2185 labia,

180 2193 516 2238 Praesumendum,
534 2204 608 2230 non
622 2193 811 2230 silendum

229 2249 300 2286 Est
333 2249 380 2286 de
410 2253 475 2287 tua
505 2250 638 2296 gloria.

82 2345 146 2383 11.
181 2346 307 2392 Virgo,
339 2345 475 2392 gaude,
508 2345 609 2382 omni
637 2345 751 2382 laude

217 2396 356 2450 'Digna
386 2406 423 2438 et
453 2401 658 2448 praeconio

174 2460 278 2506 Quae
310 2458 498 2496 damnatis
529 2458 718 2495 libertatis

231 2515 351 2552 Facta
382 2525 421 2552 es
452 2515 612 2553 occasio.

81 2611 146 2650 12.
179 2611 336 2658 Semper
367 2611 508 2649 munda
539 2616 575 2647 et
607 2610 773 2648 fecunda

239 2668 354 2715 Virgo
388 2673 426 2704 et
456 2679 656 2717 puerpera,

180 2724 309 2761 Mater
339 2725 456 2770 alma,
488 2725 589 2761 velut
622 2725 748 2771 palma

233 2780 401 2818 Florens
433 2785 469 2818 et
500 2779 712 2819 fructifera.

900 173 962 212 13.
997 172 1110 210 Cuius
1142 172 1234 210 flore
1266 173 1325 210 vel
1355 173 1471 210 odore

1052 230 1231 267 Recreari
1263 230 1446 277 cupimus,

991 286 1106 325 Cuius
1138 285 1265 323 fructu
1297 297 1362 324 nos
1394 298 1415 323 a
1446 287 1546 323 luctu

1047 343 1223 380 Liberari
1255 343 1455 381 credimus.

898 446 960 483 14.
995 445 1160 483 Pulchra
1189 449 1281 493 tota,
1314 445 1394 482 sine
1425 450 1514 482 nota

1049 501 1323 549 Cuiuscumque
1354 503 1536 552 maculae,

995 558 1073 596 Fac
1104 570 1171 595 nos
1199 559 1359 595 mundos
1387 564 1422 595 et
1444 559 1633 596 iucundos

1055 615 1108 652 Te
1136 615 1294 652 laudare
1325 616 1467 653 sedule.

898 719 959 757 15.
994 718 1023 755 O
1058 717 1179 765 beata,
1214 728 1283 764 per
1313 728 1423 764 quam
1457 718 1546 755 data

1048 774 1157 810 Nova
1191 774 1332 811 mundo
1362 774 1513 821 gaudia,

991 830 1040 867 Et
1072 836 1209 877 aperta
1238 830 1315 868 fide
1347 834 1450 868 certa

1049 888 1183 934 Regna
1215 892 1301 924 sunt
1333 887 1524 927 caelestia.

897 990 960 1028 16.
995 989 1068 1026 Per
1079 1001 1190 1036 quam
1200 989 1631 1027 munduslaetabundus

1052 1047 1151 1083 Vero
1184 1045 1303 1093 fulget
1334 1047 1487 1094 lumine,

994 1104 1247 1150 Antiquarum
1280 1103 1521 1141 tenebrarum

1051 1160 1201 1197 Exutus
1235 1160 1406 1207 caligine.

903 1262 964 1300 17.
999 1261 1109 1298 Nunc
1142 1266 1313 1308 potentes
1345 1266 1429 1298 sunt
1462 1265 1615 1308 egentes

1054 1317 1158 1355 Sicut
1190 1319 1279 1355 olim
1313 1319 1477 1369 dixeras,

994 1375 1045 1412 Et
1079 1375 1185 1422 egeni
1217 1374 1310 1412 fiunt
1342 1375 1456 1421 pleni,

1053 1432 1161 1478 Quod
1195 1436 1235 1469 tu
1266 1432 1578 1479 prophetaveraS.

897 1534 961 1573 18.
993 1535 1066 1571 Per
1092 1538 1128 1571 te
1146 1546 1290 1572 morum
1308 1545 1406 1571 nunc
1422 1544 1627 1580 pravorum

1050 1592 1329 1640 Relinquuntur
1361 1591 1482 1638 (levia,

992 1648 1264 1685 Doctrinarum
1296 1658 1563 1695 perversarum

1047 1705 1163 1743 Pulsa
1196 1710 1287 1742 sunt
1318 1705 1490 1751 vestigia.

898 1807 960 1845 19.
991 1806 1130 1844 Mundi
1161 1807 1271 1843 luxus
1303 1812 1415 1853 atque
1446 1804 1569 1843 fluxus

1049 1863 1223 1900 Docuisti
1255 1874 1436 1910 spernere

992 1920 1113 1957 Deum
1144 1921 1286 1970 quaeri,
1322 1930 1473 1957 carnem
1502 1919 1587 1967 teri,

1050 1977 1161 2015 Vitiis
1192 1977 1384 2024 resistere,

898 2081 964 2118 20.
997 2080 1138 2117 Mentis
1171 2090 1321 2116 cursum
1352 2079 1458 2116 tendi
1481 2090 1628 2116 sursum

1054 2137 1214 2173 Pietatis
1245 2136 1384 2184 studio,

997 2194 1142 2239 Corpus
1175 2193 1274 2239 angi,
1308 2197 1429 2229 motus
1461 2191 1586 2239 frangi

1055 2251 1128 2287 Pro
1161 2249 1315 2286 caelesti
1345 2253 1528 2296 praemio,

896 2347 961 2384 21.
995 2346 1051 2382 Tu
1082 2345 1244 2392 portasti
1275 2345 1376 2383 intra
1408 2345 1502 2383 casti

1053 2402 1230 2439 Claustra
1262 2403 1404 2440 ventris
1427 2402 1630 2440 Dominum

996 2459 1303 2506 Redemptorem,
1336 2459 1385 2496 ad
1417 2460 1597 2496 honorem

1051 2515 1130 2553 Nos
1170 2514 1381 2553 reformans
1413 2516 1629 2562 pristinum.

903 2614 968 2650 22.
999 2611 1127 2649 Mater
1158 2610 1271 2661 facta,
1306 2612 1374 2649 sed
1404 2612 1560 2656 intacta,

1059 2668 1233 2706 Genuisti
1264 2668 1393 2718 filium,

1000 2725 1141 2773 Regem
1174 2736 1301 2763 verum
1334 2729 1446 2772 atque
1477 2734 1603 2761 rerum

1060 2782 1278 2819 Creatorem
1311 2782 1487 2819 omnium.
