1785 3111
136 204 149 211 .,

133 215 168 240 ἒ.

216 199 479 246 Protomartyr
510 199 713 247 Stephane,

271 256 333 302 qui
364 256 510 292 devotis
540 255 716 302 precibus

214 311 393 348 Exorasti
421 312 623 349 Dominum

269 379 338 414 pro
370 373 407 404 te
439 368 709 417 lapidantibus,

213 425 447 461 Assistentes
478 429 632 472 protege

268 482 342 518 tuis
371 481 560 528 laudibus,

324 538 497 586 Domine,

327 594 406 631 Tuo
438 595 631 641 sanguine.

870 84 953 124 524
1011 107 1065 112 -

946 201 982 237 6.
1033 198 1108 235 Pro
1138 198 1249 236 beato
1276 199 1467 246 Stephano

1085 255 1155 292 tibi
1186 255 1458 302 benedicimus,

1030 312 1124 355 Rex,
1158 323 1296 349 corona
1327 316 1554 360 martyrum,

1086 367 1157 404 tibi
1187 373 1313 415 grates
1345 368 1503 415 agimus,

1032 424 1192 473 Imitari,
1226 425 1400 471 petimus,

1089 481 1150 525 da,
1183 481 1283 528 quod
1317 481 1485 527 colimus,

1144 537 1317 583 Domine,

1145 594 1219 631 Suo
1251 595 1444 642 sanguine.

217 682 282 723 Ep.
312 683 440 714 XXIV.
474 701 517 705 -—
548 684 589 716 G.
623 683 664 714 de
698 682 868 714 Basochis
903 683 935 714 b.
971 682 1263 715 Cathalaunensis
1296 683 1466 714 ecclesiae
1499 681 1695 714 venerabili

128 729 361 759 concanonico
390 733 422 760 et
447 730 687 760 amantissimo
708 728 775 759 sibi
793 727 1036 770 philographo.

1059 750 1066 758 .
1086 753 1092 758 .
1114 752 1120 758 .
1140 746 1184 749 —
1202 728 1360 760 Schluss:
1389 727 1478 769 „Sed
1496 732 1530 758 et
1547 737 1696 764 carmen,

127 774 192 804 etsi
216 774 302 805 forte
328 776 442 805 minus
467 774 656 811 laudabile,
681 773 918 805 laudatorium
946 778 1062 805 tamen
1088 773 1219 805 domini
1237 778 1270 805 et
1288 775 1424 815 patroni
1449 774 1562 804 nostri
1580 777 1694 814 proto-

127 820 290 860 martyris
325 820 368 851 ad
393 819 559 851 honorem
587 824 619 851 et
646 829 798 850 amorem
823 823 920 850 tuum
947 819 1030 850 flore
1055 819 1121 850 tibi
1147 819 1342 860 rhythmico
1369 819 1472 850 simul
1499 822 1533 849 et
1557 817 1694 849 rhetho-

127 865 199 895 rico
239 864 353 896 colore
387 864 548 906 depinxi,
584 866 643 906 qui
669 864 764 896 color
789 866 880 896 inter
905 864 1117 906 multiplices
1143 866 1275 906 species
1301 865 1601 896 annominationis
1626 874 1696 895 non

126 909 270 985 {ipimus
299 911 496 987 elegiagtiae
522 910 761 941 blandimento
788 920 848 951 per
876 911 1181 942 commutationem
1201 921 1342 942 casuum
1360 909 1398 941 fit
1415 909 1481 940 hoc
1499 906 1634 940 modo&
1652 928 1694 931 --

127 971 141 985 l
166 965 230 987 one
255 956 320 993 ΙΙΙ,
347 954 367 987 5
417 979 423 986 .

478 1060 559 1096 359.
599 1060 679 1103 (16.)
715 1061 773 1096 De
799 1070 832 1096 s.
860 1061 1009 1097 Thoma
1036 1061 1335 1098 Cantuariensi.

128 1161 147 1199 1
171 1172 205 1200 a.
246 1160 899 1207 MarterhristLquemlaudamus
950 1163 971 1200 1
992 1161 1029 1200 b.
1061 1162 1188 1200 Donet
1217 1161 1338 1200 nobis,
1372 1165 1411 1197 ut
1443 1160 1590 1207 insigne

131 1367 202 1404 2a.

130 1570 202 1607 3a.

132 1775 205 1810 4a.

132 2093 202 2129 5a.

134 2689 204 2726 6a.

241 1217 404 1264 Martyr,
439 1218 542 1254 cuins
575 1217 809 1255 celebramus

296 1274 406 1311 Diem
440 1274 666 1319 natalitium,

243 1365 320 1402 Iste
353 1365 487 1411 dignus
520 1365 682 1402 Thomas
716 1365 791 1402 dici

241 1421 326 1459 Non
358 1422 477 1458 solum
509 1421 708 1468 apostolici

298 1478 472 1515 Nominis
504 1478 726 1525 promeruit,

246 1569 480 1606 Adversanti
511 1569 573 1615 qui
601 1579 782 1615 perverso

246 1626 410 1672 Propter
440 1625 562 1662 Deum
594 1636 639 1662 ex
670 1625 832 1662 adverso

300 1682 411 1719 Stans
443 1682 481 1718 in
513 1682 574 1719 die
604 1682 750 1728 proelii,

247 1773 377 1810 Virum
409 1773 620 1819 angelicum

298 1829 347 1866 Et
380 1834 526 1876 patrem
558 1830 705 1876 patriae

356 1887 519 1931 Propter
548 1886 732 1922 iustitiam

412 1942 575 1978 Damnat
608 1942 740 1978 exsilio

948 1364 1028 1403 2b.

951 1567 1030 1607 3b.

948 1772 1027 1811 4b.

469 1998 670 2046 Tyrannus
680 1999 874 2048 Anglicus.

245 2091 288 2127 In
320 2089 391 2126 hoc
422 2089 626 2125 certamine

302 2146 370 2182 Vir
401 2146 534 2192 plenus
566 2146 700 2193 gratia⁷

244 2204 318 2241 Pro
351 2202 492 2240 Christi
526 2202 675 2239 nomine

301 2259 436 2296 Pulsus
467 2258 513 2295 ab
546 2259 695 2307 Anglia‚

245 2315 355 2352 Venit
388 2314 627 2361 magnificum

301 2372 363 2408 Ad
396 2382 520 2418 regem
553 2372 751 2420 Franciae‚

245 2427 385 2474 Regem
416 2427 629 2475 pacificum,

301 2484 441 2530 Regem
474 2484 656 2522 ecclesiae

309 2562 319 2566 ἢ
334 2559 647 2568 πκ-,κκκ-,κκκκπκ

359 2594 618 2633 Defensorem.

247 2687 323 2725 Sub
355 2687 425 2723 hac
456 2686 617 2734 perfidia

302 2743 493 2781 Redditur
523 2743 693 2789 Anglicis

358 2801 474 2838 Pater
501 2800 696 2845 amabilis3

950 2089 1028 2129 5b.

952 2687 1029 2725 6b.

1062 1218 1286 1255 Recolamus
1318 1218 1374 1254 sui
1408 1217 1522 1263 digne

1117 1274 1317 1320 Triumphi
1348 1273 1603 1320 praeconium.

1060 1364 1138 1402 Sed
1171 1365 1351 1401 virtutum
1383 1368 1419 1400 et
1451 1369 1664 1401 sanctorum

1060 1421 1237 1468 Apostoli
1267 1421 1487 1458 meritorum

1118 1478 1284 1516 Consors
1318 1487 1399 1514 esse
1431 1477 1589 1515 studuit.

1064 1569 1198 1606 Pastor
1228 1568 1348 1605 bonus
1380 1567 1552 1614 exposuit

1063 1625 1113 1662 Et
1144 1635 1213 1671 pro
1245 1624 1321 1661 suis
1354 1624 1530 1671 opposuit

1122 1681 1170 1718 Se
1199 1692 1346 1718 murum
1378 1679 1527 1728 refugii.

1059 1773 1205 1811 Fremit
1236 1773 1272 1809 in
1306 1772 1492 1810 medicum

1117 1829 1348 1866 Frenantem
1380 1829 1495 1876 impie

1175 1886 1318 1923 Mentis
1349 1886 1535 1923 insaniam

1233 1942 1349 1979 Sacro
1380 1943 1536 1980 consilio

1290 1998 1405 2036 Suum
1438 1998 1693 2045 phreneticus.

1063 2089 1228 2126 Illustris
1260 2089 1430 2126 exsulum

1121 2146 1201 2182 Rex
1233 2145 1452 2182 reconciliat

1062 2202 1240 2249 Tyranno
1271 2202 1497 2248 praesulem,

1119 2259 1190 2305 Qui
1223 2258 1349 2295 dolum
1381 2258 1514 2304 palliat

1064 2315 1174 2352 Pacis
1204 2314 1424 2352 umbraculo

1119 2371 1252 2408 Fictae
1283 2372 1343 2408 vel
1374 2370 1516 2418 fictilis,

1065 2428 1236 2474 Namque
1269 2428 1455 2475 discipulo

1121 2484 1304 2521 Tradenti
1337 2484 1474 2520 similis

1065 2541 1211 2578 Occulit
1242 2541 1370 2577 osculo

1179 2597 1429 2633 Proditorem.

1063 2687 1177 2724 Redit
1209 2687 1364 2731 iustitia,

1122 2743 1253 2780 Comes
1285 2742 1475 2789 pontificis

1177 2799 1462 2846 Inseparabilis.
