1785 3111
760 64 1064 105 —626—

582 197 664 234 406.
703 197 761 241 (2.)
797 197 855 232 De
882 197 1024 233 sancto
1053 196 1244 240 Georgio.

793 267 846 299 Ad
872 267 1023 300 Laudes,

134 362 169 399 1.
217 361 247 399 Ο
279 361 423 398 athleta
453 360 587 410 victor,
620 360 734 409 laeta,
921 356 924 359 ’
951 361 989 409 3,
1034 359 1178 397 Multos
1209 362 1335 397 terror
1365 359 1469 408 vicit,
1502 370 1609 398 error

273 417 425 465 Georgi,
458 415 607 465 fulgens
637 416 780 466 laurea,
1092 416 1302 454 Multorum
1332 416 1459 463 palam
1489 416 1670 468 dissonat,

214 474 268 511 Te
299 475 509 523 laudamus,
543 473 606 510 hio
635 484 805 520 ovamus,
1035 473 1129 512 Cum
1169 483 1340 521 egressus
1371 473 1431 511 vir
1460 483 1530 510 nec
1561 471 1697 524 fessus,

270 530 384 579 Lux,
404 541 528 578 ecce,
548 530 701 578 surgit
723 540 877 569 aurea.
1094 530 1189 568 Vox
1202 530 1697 579 clara‚ecce,intonat.

132 634 168 671 2.
213 633 312 670 Fide
343 637 482 680 rectus,
515 643 583 680 spe
613 637 828 679 provectus,
950 634 990 672 4.
1037 632 1231 671 Christum
1262 631 1376 678 fatur,
1409 643 1482 679 quo
1515 632 1668 681 ditatur,

273 690 390 736 Quem
433 688 563 727 fruens
593 689 689 737 ignit
722 690 874 739 caritas,
1094 689 1249 737 Strages
1280 688 1447 727 firmavit
1478 690 1668 736 comitum,

167 760 173 764 ·
210 746 376 783 Mortem
407 747 566 796 spernit,
596 747 713 784 vitam
739 746 872 796 cernit,
1033 746 1117 784 Stat
1148 746 1335 793 tribunus⁷
1374 746 1554 793 princeps
1585 757 1695 793 unus,

269 803 299 841 Ο
330 804 435 854 lux,
469 803 619 841 beata
648 803 875 841 trinitas.
1089 803 1245 851 Deus,
1272 806 1467 841 tuorum
1490 802 1697 842 militum.

465 907 503 946 5.
552 905 655 952 Ergo
683 903 821 942 fortem
854 908 985 942 contra
1016 908 1175 942 mortem

610 961 748 999 Poscat
778 971 883 998 mens
916 961 1049 999 ducem
1080 961 1220 1007 saucia,

548 1019 602 1057 Ut
634 1018 806 1066 exsistat,
838 1028 934 1065 quae
964 1028 1068 1056 nunc
1101 1018 1228 1067 distat,

604 1076 838 1112 Aeterna
878 1075 1009 1112 caeli
1049 1075 1231 1122 gloria.

218 1177 321 1210 Grad.
355 1187 418 1208 ms.
451 1176 572 1208 Iacobi
603 1176 644 1207 de
677 1175 925 1217 Stephanescis
959 1185 1049 1208 5300.
1081 1173 1133 1207 14.
1183 1175 1265 1207 Cod.
1292 1175 1406 1217 Capit.
1431 1176 1596 1208 Vaticani
1633 1175 1697 1209 129

131 1224 167 1256 C.
192 1224 233 1255 A.
266 1242 309 1245 —
342 1224 442 1254 Brev.
476 1232 539 1253 ms.
568 1221 770 1254 Parisiense
802 1231 893 1253 saec.
920 1218 973 1252 14.
1032 1220 1115 1252 Cod.
1141 1221 1293 1252 Parisin.
1322 1219 1419 1253 1024.
1453 1222 1492 1253 Β.
1526 1238 1568 1244 —-
1594 1223 1698 1255 Brev.

128 1280 190 1301 ms.
224 1269 425 1300 Parisiense
459 1277 547 1299 saec.
580 1265 631 1299 15.
689 1267 772 1299 Cod.
799 1267 950 1298 Parisin.
979 1264 1077 1299 1291.
1103 1267 1140 1299 C.
1166 1283 1210 1288 —-
1235 1268 1336 1298 Brev.
1362 1277 1426 1298 ms.
1450 1266 1699 1309 Parisiense(‘?)

129 1325 219 1347 saec.
255 1312 307 1346 15.
364 1313 446 1345 Cod.
482 1312 734 1354 Carlopolitan.
774 1309 848 1343 146.
882 1313 926 1344 D.
958 1330 1002 1334 -—
1031 1314 1133 1344 Brev.
1168 1322 1230 1344 ms.
1260 1312 1461 1344 Parisiense
1494 1323 1584 1345 saec,
1611 1310 1699 1346 ¹5l16.

128 1361 211 1392 Cod.
238 1360 388 1391 Paris-in.
413 1357 561 1398 (Arsen.)
585 1356 661 1391 660.
687 1358 729 1390 Ε.
756 1375 798 1379 -

222 1404 259 1444 1,
296 1403 311 1435 1
338 1406 438 1446 virgo
464 1404 557 1436 laeta
583 1403 618 1435 C.
656 1421 698 1426 —-
736 1402 771 1442 1,
805 1401 825 1435 3
850 1403 932 1435 huic
958 1413 1097 1435 oramus
1122 1404 1166 1435 D.
1201 1422 1245 1426 -
1276 1400 1312 1442 3,
1346 1402 1362 1434 1
1389 1403 1502 1435 Multa
1527 1403 1628 1436 BCE.
1655 1421 1698 1427 —

128 1449 170 1490 3,
200 1448 221 1482 3
245 1452 305 1481 vix
332 1460 394 1482 nec
421 1451 458 1481 B.
490 1467 532 1471 —
557 1448 595 1488 4,
628 1447 643 1480 1
671 1449 790 1490 Ipsum
816 1448 909 1480 fatur
933 1449 977 1480 D.
1002 1466 1047 1470 —
1071 1447 1109 1487 4,
1142 1446 1163 1480 2
1187 1448 1300 1480 firmat
1324 1449 1375 1489 D,
1409 1448 1566 1481 firmatur
1590 1450 1630 1481 B.
1654 1467 1699 1471 ——

129 1495 166 1534 5,
205 1495 220 1528 1
247 1497 355 1537 Virgo
389 1495 512 1527 fortem
538 1495 574 1527 C.
608 1512 653 1516 —-
684 1495 753 1526 Die
778 1495 948 1526 Lesarten
980 1505 1049 1526 von
1074 1495 1103 1526 A
1130 1494 1250 1526 stehen
1275 1495 1341 1526 mir
1364 1494 1462 1526 nicht
1486 1505 1529 1526 zu
1553 1495 1698 1528 Gebote.

131 1542 210 1584 Vgl.
236 1542 298 1573 das
324 1552 402 1572 zum
426 1542 572 1582 vorigen
597 1541 758 1582 Hymnus
784 1540 980 1572 Bemerkte.
998 1559 1038 1562 —
1058 1540 1277 1572 Wiederholt
1301 1550 1364 1572 aus
1381 1540 1483 1572 Anal.
1500 1540 1596 1579 XIX,
1625 1538 1700 1572 143.

532 1685 613 1722 407.
646 1685 705 1728 (3.)
740 1685 798 1719 De
825 1694 857 1721 s.
886 1685 1010 1720 Petro
1039 1683 1286 1720 Caelestino.

766 1756 1051 1797 Responsorium.

184 1849 229 1887 R.
276 1849 340 1885 Fit
371 1849 587 1894 monachus,
621 1849 684 1894 qui
716 1859 817 1894 papa
849 1846 933 1894 fuit,
968 1847 1204 1895 simplexque
1236 1847 1415 1885 sacerdos

282 1905 440 1943 Praesul
473 1908 509 1940 et
537 1905 724 1940 inclinans
757 1915 797 1940 se
828 1903 900 1950 his,
935 1904 994 1941 cui
1025 1904 1130 1952 regia
1161 1908 1312 1951 sceptra

356 1963 578 2006 Paruerant,

188 2019 230 2056 V.
278 2017 435 2065 Imperii
468 2017 645 2054 diadema
676 2026 823 2053 sacrum
857 2016 1068 2063 mitraeque
1100 2016 1289 2055 bicornes,

220 2119 303 2151 Cod.
337 2118 544 2150 Casanaten.
581 2115 647 2149 934
678 2116 721 2154 (D
748 2118 801 2149 ΙΙΙ
829 2115 894 2156 13.)
927 2127 1016 2148 5300.
1054 2115 1140 2149 16111.
1175 2117 1214 2149 A.
1247 2135 1291 2138 -
1324 2118 1412 2149 Acta
1438 2117 1498 2150 SS.
1523 2118 1610 2149 Maii
1637 2119 1696 2157 IV,

130 2162 208 2196 484.
234 2165 273 2195 B.
306 2182 350 2186 —
384 2162 404 2195 2
429 2163 603 2195 inclinans
632 2163 711 2194 aliis
738 2163 777 2194 B.
806 2180 848 2184 ——
875 2162 1153 2204 „Subsequentia
1179 2164 1400 2204 responsoria
1425 2164 1511 2202 tria,
1543 2162 1698 2195 Alleluia

130 2221 236 2241 unum
262 2220 339 2241 eum
365 2210 523 2241 versibus
550 2210 585 2240 111
612 2209 714 2240 litera
739 2211 912 2249 cantuque
938 2218 977 2239 ac
1003 2210 1179 2240 orationes
1205 2211 1274 2239 tres
1299 2219 1363 2240 nec
1387 2219 1457 2239 non
1483 2208 1695 2248 antiphonas

131 2256 217 2287 duas
250 2256 286 2286 in
320 2255 421 2286 litera
453 2257 486 2286 et
519 2259 623 2286 cantu
657 2254 697 2285 de
732 2254 834 2285 beato
868 2254 971 2284 Petro
1005 2254 1201 2285 confessore
1233 2254 1382 2286 Iacobus
1414 2254 1448 2286 S.
1474 2254 1618 2295 Georgii
1652 2254 1696 2285 ad

131 2301 256 2332 Veluin
282 2301 432 2331 Aureum
458 2300 626 2331 diaconus
653 2299 842 2330 cardinalis
868 2297 1095 2340 composuit&
1123 2299 1162 2330 A.
1188 2316 1231 2320 ——
1257 2299 1392 2330 Vorauf
1413 2298 1495 2340 geht
1519 2300 1577 2330 0111
1601 2299 1700 2330 Brief

133 2346 345 2387 „Religiosis
379 2347 485 2382 viris,
523 2346 646 2376 31111οἰ5
672 2345 883 2382 carissimis,
913 2345 1027 2375 Priori
1053 2344 1227 2382 Generali,
1263 2344 1515 2376 Definitoribus
1541 2344 1696 2386 Capituli

131 2391 312 2423 Generalis
347 2391 479 2422 ordinis
514 2401 539 2421 s.
566 2391 661 2422 Petri
693 2390 734 2422 de
763 2387 946 2421 Murrone‘<
984 2394 1047 2421 etc.
1099 2390 1320 2428 Bedauernd,
1355 2390 1409 2421 die
1441 2390 1695 2431 versprochene

130 2437 292 2468 Historia
316 2440 425 2467 metro
453 2435 610 2475 heroico,
650 2435 757 2467 durch
782 2435 1060 2476 Aintsgeschiifte
1086 2434 1303 2473 verhindert,
1329 2435 1418 2466 noch
1444 2435 1541 2466 nicht
1566 2435 1695 2467 senden

129 2492 173 2512 zu
199 2481 350 2518 konnen,
378 2481 518 2513 sellicke
545 2492 580 2512 er
598 2481 813 2512 einstweilen
833 2482 945 2523 einige
964 2480 1186 2522 Antiphonen
1204 2491 1287 2512 usw.
1331 2481 1479 2521 „Verum
1496 2491 1539 2512 ne
1557 2481 1695 2512 interim

130 2528 271 2557 nostrae
305 2527 500 2557 devotionis
527 2527 686 2558 modulus
712 2527 830 2565 sileat,
867 2527 950 2565 quin
976 2527 1081 2557 immo
1110 2526 1172 2557 sub
1198 2526 1310 2557 dulcis
1336 2526 1537 2557 harmoniae
1562 2527 1696 2557 musica

131 2573 207 2613 ipse
233 2575 416 2612 vesterque
441 2572 565 2602 01101115
592 2572 702 2602 eidem
730 2573 868 2613 egregio
894 2572 1083 2602 confessori
1109 2571 1272 2602 laudibus
1298 2571 1431 2609 iubsset,
1458 2572 1695 2611 Responsoria

131 2619 200 2648 tria
225 2627 293 2648 una
319 2627 396 2648 011111
421 2617 599 2655 versibus,
626 2617 780 2648 Alleluia
805 2618 841 2648 in
867 2617 967 2648 litera
992 2620 1164 2657 cantuque
1190 2619 1224 2647 et
1249 2617 1425 2647 orationes
1451 2619 1520 2647 tres
1546 2627 1607 2658 per
1631 2625 1694 2647 nos

131 2663 325 2703 composita
367 2662 407 2693 de
446 2664 522 2703 ipso
563 2662 759 2693 confessore
796 2673 856 2703 per
892 2663 1030 2693 fratrem
1069 2662 1210 2693 Petrum
1245 2661 1287 2692 de
1324 2662 1497 2699 Romano,
1543 2662 1694 2702 priorem

130 2709 332 2739 monasterii
369 2709 403 2738 S.
436 2707 570 2738 Mariae
604 2707 644 2738 de
671 2707 906 2745 Collemadi0,
942 2707 1073 2738 ordinis
1107 2707 1232 2745 vestri,
1266 2707 1410 2737 latorem
1448 2707 1691 2748 praesentium,

131 2775 139 2782 .
166 2778 173 2784 .
201 2775 208 2782 .
235 2778 241 2783 .
267 2752 494 2784 destinamus.
544 2753 585 2784 In
603 2752 757 2784 eiusdem
776 2754 882 2793 igitur
900 2754 1011 2783 saneti
1029 2752 1165 2783 laudem
1185 2755 1217 2783 et
1234 2751 1392 2793 gloriam,
1418 2761 1505 2792 quae
1524 2753 1690 2790 misimus,

130 2802 226 2839 grate
264 2799 430 2840 suscipite
463 2799 594 2839 illaque
628 2798 739 2839 ipsius
765 2798 889 2829 festivo
915 2798 1100 2839 applicetis
1126 2797 1238 2828 officio
1264 2794 1500 2828 decantanda‘⁴
1528 2801 1591 2829 ete.
1622 2796 1692 2828 AB.
