1785 3111
89 228 151 266 71.

88 747 150 785 72.

87 1270 153 1308 73.

88 2439 153 2478 78.

714 110 1019 151 —609-

199 226 287 264 Post
323 225 394 262 hoc
425 225 565 263 clamat
595 225 718 263 anima

254 282 361 329 quasi
393 282 628 322 dementata:

199 339 228 377 Ο
261 339 558 387 reclinatorium,

256 406 343 433 caro
375 400 571 432 cruentata

198 452 274 489 Per
304 456 360 489 tot
389 452 473 489 loca
503 456 662 499 propter
693 462 762 499 me,

256 519 323 545 cur
351 519 426 546 non
457 509 625 546 cruciata

196 565 337 603 Tecum
367 576 463 614 sum,
495 565 584 602 dum
615 565 784 611 moreris,

253 621 325 660 tibi
356 621 564 669 colligata?

907 226 970 263 74.

1018 225 1121 272 Ergo
1154 225 1276 263 dulcis
1308 225 1469 271 gutturis

1075 293 1217 329 organo
1249 286 1440 329 quassato,

1017 338 1164 386 Lingua
1197 343 1341 375 tantum
1373 339 1565 386 palpitans

1075 395 1201 432 sonitu
1231 395 1393 443 sublato,

1018 451 1093 489 Sed
1125 463 1194 498 pro
1227 451 1353 489 verbis
1384 452 1448 499 pia
1476 463 1580 491 mens

1074 507 1164 545 fletu
1196 513 1439 555 compensato

1018 564 1269 602 Lamentatur
1300 565 1503 603 Dominum

1074 622 1188 659 corde
1218 622 1398 660 sauciato.

198 747 375 792 Quamvis
407 751 532 784 tamen
565 747 725 784 miserae
909 748 972 786 75.
1021 746 1083 784 Sic
1113 746 1308 793 languenti
1339 747 1527 793 siquidem

251 803 354 840 istud
385 803 434 840 sit
465 809 655 851 negatum,
1076 803 1128 839 nil
1160 803 1233 839 nisi
1264 803 1416 849 plorare

198 860 293 897 Mihi
324 861 512 906 quendam
544 861 681 907 eligam
1020 860 1152 896 Potest
1183 858 1417 905 satisfacere,

252 927 390 954 novum
422 917 643 963 cruciatum,
1077 917 1158 954 sive
1191 916 1405 965 suspirare,

198 973 388 1011 Gemitum
420 973 599 1010 videlicet
1020 972 1116 1009 Suos
1148 972 1246 1009 enim
1278 973 1405 1010 oculos

252 1031 451 1077 iugemque
479 1030 682 1078 ploratum,
1080 1029 1210 1076 nequit
1241 1040 1420 1067 revocare

195 1087 326 1124 Donec
356 1086 487 1124 mundi
520 1087 693 1124 deseram
1017 1088 1052 1123 A
1088 1086 1228 1123 Christi
1259 1086 1478 1124 vulneribus

253 1154 405 1190 gravem
436 1143 656 1180 incolatum.
1074 1147 1139 1180 aut
1171 1154 1235 1180 cor
1266 1154 1459 1191 separare.

200 1270 289 1306 Post
320 1269 413 1305 haec
444 1268 565 1305 dulcis
597 1267 722 1305 anima
907 1269 972 1308 76.
1020 1268 1083 1306 Sic
1116 1271 1173 1304 est
1204 1271 1328 1305 autem
1361 1269 1506 1306 animus

255 1326 342 1372 plus
373 1329 411 1362 et
440 1325 526 1372 plus
558 1322 775 1361 fervescens

199 1382 319 1420 Sensu
351 1386 431 1419 tota
462 1380 602 1431 deficit,

257 1449 415 1485 corpore
445 1438 645 1476 tabescens

197 1496 276 1533 Iam
309 1495 371 1532 vix
403 1495 505 1542 loqui
536 1491 689 1541 sufficit,

254 1552 322 1589 sed
358 1551 494 1589 affectu
524 1561 698 1588 crescens

199 1609 274 1647 Suo
304 1609 403 1646 lecto
434 1608 592 1646 recubat

254 1669 387 1713 utpote
416 1665 675 1713 languescens.

1076 1325 1179 1361 illius
1210 1324 1370 1375 illectus,

1020 1381 1134 1428 Quasi
1166 1382 1198 1418 ei
1230 1392 1410 1428 praesens
1441 1382 1490 1418 sit

1078 1438 1242 1475 moriens
1276 1439 1450 1489 dilectus,

1021 1495 1102 1532 Nec
1132 1506 1154 1532 a
1186 1506 1297 1532 cruce
1329 1495 1482 1532 Domini

1078 1552 1239 1589 retrahit
1271 1557 1459 1599 aspectus,

1019 1609 1114 1655 Quia
1148 1608 1202 1645 ibi
1234 1609 1376 1655 oculus⁷

1076 1665 1139 1702 ubi
1173 1670 1229 1702 est
1261 1665 1433 1703 affectus.

497 1780 562 1817 77.
610 1779 794 1828 Gemitus,
827 1778 1005 1828 suspiria,

664 1836 856 1881 lacrimae,
895 1836 1074 1884 lamenta,

609 1893 690 1930 Sibi
722 1897 809 1929 sunt
841 1892 1013 1942 deliciae,

668 1949 784 1996 cibus,
817 1949 1012 1998 alimenta,

609 2006 752 2052 Quibus
782 2017 880 2044 nova
910 2010 1056 2054 martyr
1089 2010 1145 2042 est

666 2063 805 2110 iugiter
834 2064 992 2110 intenta,

611 2120 760 2167 Suoque
790 2120 974 2168 martyrio

664 2176 851 2224 praebent
881 2177 1132 2216 incrementa.

546 2337 610 2375 VI.
660 2336 848 2373 Cantus
888 2335 946 2372 ad
987 2335 1188 2372 Nonam.

909 2437 973 2476 79.
1021 2437 1120 2474 Nam
1152 2447 1234 2474 cum
1259 2436 1584 2476 Consummatum
1605 2438 1660 2475 est

1079 2494 1213 2531 recolit
1244 2494 1428 2531 clamasse

1023 2550 1128 2588 Hora
1157 2561 1257 2587 nona
1286 2551 1488 2588 Dominum

1078 2611 1114 2644 et
1146 2607 1200 2644 sic
1232 2608 1460 2658 exspirasse,

1021 2664 1136 2710 Quasi
1167 2665 1278 2701 simul
1309 2665 1473 2701 moriens

1079 2721 1218 2758 clamat
1248 2725 1470 2767 penetrasse

200 2438 243 2475 In
274 2437 346 2474 hoc
376 2440 478 2474 statu
509 2437 669 2484 respuit,

257 2494 442 2541 quidquid
474 2497 530 2530 est
557 2498 762 2543 terrenum,

198 2551 409 2598 Mundique
440 2551 622 2587 solacium

255 2612 407 2655 reputat
438 2617 636 2656 venenum,

200 2664 276 2702 Sed
307 2665 356 2701 ad
388 2664 578 2702 Nonam
611 2664 764 2701 veniens

255 2721 414 2758 moritur
444 2721 492 2758 ad
524 2721 691 2768 plenum,

200 2777 292 2816 Cum
321 2778 459 2815 amoris
491 2778 654 2825 impetus
1023 2777 1161 2814 Vocem
1197 2779 1308 2815 istam
1341 2788 1448 2814 suum
1480 2787 1544 2814 cor

256 2835 396 2881 rumpit
429 2835 554 2871 carnis
588 2833 749 2873 frenum.
1078 2838 1190 2881 atque
1221 2835 1423 2875 lacerasse,

154 2902 320 2934 Dreves,
346 2903 552 2930 Lateinische
574 2903 866 2937 Hymnendiehter.
906 2903 950 2931 ΙΙ.
1408 2897 1452 2932 39
