1785 3111
765 80 1073 120 —522—

144 198 189 234 10
205 207 238 233 a.
282 195 454 232 Christus
487 194 651 231 chrisma
960 197 1010 235 10
1028 195 1065 234 b.
1096 194 1275 232 Inimicos

338 251 618 297 paradisiacum
913 261 917 264 ·
1157 251 1277 288 crucis
1308 261 1538 300 exsuperans

278 308 385 345 Misit
417 308 462 357 ei,
1097 308 1149 345 Et
1180 308 1360 354 sanguine

340 374 421 401 cum
454 364 689 401 Parisiacum
1157 364 1301 402 Christi
1333 363 1617 413 confoederans,

280 421 419 468 Regem
451 420 532 457 Deo
1101 420 1311 458 Generatos

337 477 503 514 sacravit
535 488 608 514 una
641 489 723 514 cum
1155 478 1267 515 morti
1299 488 1526 525 regenerans

394 534 509 580 Regis
540 534 688 579 militia,
1213 535 1275 571 Ad
1308 534 1407 572 vitae
1438 534 1619 583 praemia.

144 666 186 703 11
205 676 239 705 a.
281 664 310 702 Ο
342 664 578 700 Francorum
962 664 1005 702 11
1030 664 1065 703 b.
1098 665 1149 702 Et
1179 665 1216 701 in
1249 664 1358 701 huius

337 720 459 768 gentis
490 721 674 767 apostole,
1156 721 1286 758 mundi
1317 720 1516 768 naufragio

281 778 403 824 Super
433 787 489 824 ea,
1099 778 1347 816 Fluctuantes

336 845 446 880 quam
479 833 559 871 Deo
590 833 721 870 subole
1155 838 1242 871 tuae
1272 835 1428 882 remigio

282 891 468 928 Lucratus
500 900 552 937 es,
1100 891 1321 930 sanctitatis

338 946 474 984 affectu
505 947 664 983 condole
1157 946 1287 985 refove
1317 947 1455 995 gaudio

394 1003 549 1040 Paterni
581 1003 745 1051 pectoris
1214 1004 1376 1052 Superni
1408 1003 1558 1041 littoris,

146 1137 241 1173 1221.
285 1135 422 1172 Sancte
453 1136 564 1180 pater
961 1136 1011 1174 12
1031 1135 1068 1175 b.
1100 1135 1153 1173 Ut
1183 1144 1252 1181 per
1281 1134 1352 1170 tibi

341 1194 378 1227 et
408 1189 649 1237 venerabilis,
1159 1201 1375 1228 concessam
1406 1190 1565 1237 gratiam

280 1247 404 1294 Digne
435 1246 589 1293 praesul
1102 1248 1216 1294 Apud
1250 1247 1393 1285 Christi

343 1308 379 1340 et
409 1302 659 1351 admi1·abiliS‚
1158 1303 1460 1340 misericordiam

284 1361 378 1398 Esto
410 1360 574 1396 clemens
1105 1361 1281 1397 Invenire

340 1421 377 1454 et
408 1416 643 1454 exaudibilis
1160 1418 1345 1464 possimus
1376 1416 1521 1454 veniam

398 1473 489 1511 Tuis
521 1473 768 1520 supplicibus,
1220 1474 1371 1511 Nostris
1402 1473 1631 1510 excessibus

232 1589 351 1644 EpsI.
381 1621 423 1625 —
452 1602 654 1634 Reverendo
681 1604 771 1644 patri
798 1613 838 1634 ac
863 1603 1002 1635 domino
1029 1603 1193 1641 Henrico,
1223 1603 1408 1634 Remorum
1434 1601 1705 1643 archiepiscopo.

142 1666 185 1669 —-
203 1649 267 1679 Am
287 1648 471 1679 Schlusse:
501 1649 562 1689 „ln
587 1649 686 1679 cuius
712 1647 843 1680 honore
868 1649 1096 1680 sacratissimi
1115 1649 1259 1690 Deoque
1284 1648 1476 1689 gratissimi
1497 1647 1704 1678 confessoris

140 1695 313 1735 depictum
354 1694 436 1725 flore
476 1693 671 1734 rhythmico
708 1694 850 1725 facienti
887 1694 988 1726 finem
1026 1694 1197 1736 epistolae
1236 1693 1409 1725 dictamen
1447 1690 1626 1724 adnecto“.
1664 1707 1706 1712 —

141 1740 244 1770 Mune
269 1740 332 1777 III,
358 1737 426 1770 490
450 1739 485 1770 ff.
543 1753 547 1758 ·

233 1785 299 1815 Str.
332 1782 385 1815 4a
418 1785 488 1815 und
522 1785 542 1815 b
573 1784 659 1816 iiber
683 1785 807 1816 Rasur.
834 1802 876 1806 —
902 1783 973 1823 41),
1007 1783 1028 1816 2
1052 1784 1172 1816 Desub
1198 1783 1352 1815 dominio
1377 1781 1523 1823 (Moue),
1558 1783 1620 1814 mit
1645 1782 1704 1813 der

141 1830 240 1860 Anm.
275 1829 349 1869 „fiir
375 1830 437 1861 sub
464 1829 553 1861 nach
582 1829 658 1860 dem
685 1829 960 1861 Franzosischen
986 1830 1147 1869 dessous3
1181 1829 1236 1860 ich
1261 1829 1406 1870 glaube,
1441 1839 1521 1860 man
1545 1829 1706 1859 verweist

142 1875 306 1916 richtiger
331 1874 393 1905 auf
413 1875 480 1906 den
504 1875 735 1906 Hebraismus
762 1876 806 1906 im
833 1874 993 1907 Officium
1020 1876 1054 1907 S.
1082 1875 1272 1908 Clementis
1296 1875 1410 1913 (Brev.
1428 1876 1526 1906 Rom.
1545 1875 1632 1906 Nov.
1653 1870 1704 1904 23.

142 1921 241 1951 Noct.
267 1920 283 1950 I
308 1920 411 1961 Resp.
440 1918 498 1960 l.):
527 1920 588 1961 „de
614 1920 677 1951 sub
704 1922 801 1951 cuius
828 1920 913 1962 pede
939 1922 1013 1951 fons
1039 1921 1141 1951 vivus
1167 1917 1338 1951 emanat“.
1359 1937 1397 1939 —
1419 1917 1481 1959 41),
1508 1917 1529 1952 3
1546 1920 1705 1961 Remigio

139 1964 278 2004 (Mone).
320 1981 358 1986 —
379 1963 440 2002 9a,
469 1964 483 1996 1
505 1965 591 1997 Cum
608 1965 800 2006 flagrantis.
818 1983 860 1986 —
877 1963 938 2005 9a,
964 1963 984 1996 3
1002 1965 1145 1997 Sedans.
1167 1984 1204 1987 —
1228 1963 1308 2003 lla,
1334 1962 1355 1995 4
1373 1962 1502 1997 sobole.
1520 1982 1564 1987 --
1585 1962 1622 1995 11
1635 1964 1666 2002 b,
1685 1961 1706 1994 4

142 2011 302 2052 Remigio
327 2010 465 2049 (Mene).
491 2028 534 2031 —

516 2166 598 2202 357.
635 2167 716 2208 (14.)
751 2167 808 2201 De
835 2176 889 2202 ss.
917 2167 1062 2202 Rufino
1089 2167 1130 2201 et
1156 2165 1336 2202 Valerio.

148 2290 182 2326 1.
231 2289 274 2325 In
307 2289 378 2326 hoc
409 2299 517 2326 sacro
549 2289 744 2326 sollemnio
962 2291 999 2328 2.
1047 2289 1145 2325 Vere
1175 2298 1336 2334 namque
1367 2290 1453 2324 sunt
1483 2287 1644 2324 victores

231 2341 416 2396 [Sollenni
449 2356 531 2382 cum
563 2344 782 2397 praeconio]
1047 2345 1229 2382 Veritatis
1257 2348 1478 2392 assertores,

288 2401 438 2439 Laudes
470 2402 635 2449 regentis
666 2403 791 2440 omnia
1103 2401 1173 2447 Qui
1203 2401 1371 2448 pretioso
1402 2400 1582 2448 sanguine

285 2458 457 2494 Resultet
487 2459 524 2495 in
556 2459 717 2496 ecclesia
1102 2457 1204 2494 Fuso
1235 2468 1305 2504 pro
1337 2456 1478 2495 Christi
1508 2457 1657 2494 nomine

343 2514 511 2551 Modulis
542 2515 722 2564 laetitiae,
1160 2515 1375 2560 Purpurant
1408 2513 1618 2551 ecclesiam.

229 2569 298 2616 Qui
330 2581 398 2616 pro
430 2581 470 2607 se
501 2571 743 2608 militantium
1047 2571 1170 2608 Claris
1201 2570 1343 2607 Romae
1373 2568 1563 2606 natalibus

228 2625 402 2664 Rufinum
437 2630 472 2663 et
506 2627 699 2664 Valerium
856 2626 858 2629 ’
1046 2627 1128 2664 Orti
1161 2626 1356 2664 Gallorum
1384 2625 1558 2672 gentibus

285 2682 474 2720 Donativo
505 2684 719 2721 muneravit
1101 2683 1223 2720 Deum
1263 2692 1389 2719 verum
1428 2682 1701 2728 praedicabant

283 2739 334 2777 Et
364 2739 528 2776 victores
559 2739 760 2777 honoravit
1101 2739 1153 2776 Et
1183 2738 1310 2785 egenis
1341 2738 1548 2785 erogabant

338 2795 519 2833 Mercede
550 2796 744 2834 victoriae.
1158 2795 1398 2832 Facultatum
1431 2795 1590 2842 copiam.
