1785 3111
67 208 133 250 19.
167 211 303 248 Preces
336 207 474 257 funde,
506 213 638 256 pectus
670 209 802 257 tunde,

69 494 118 533 20

68 778 114 816 21

681 117 735 121 —
795 94 876 135 427

223 266 371 303 Flendo
403 276 468 303 cor
498 266 675 310 humilia3

168 322 381 360 Paenitenti
412 327 447 359 et
479 322 642 370 gementi

223 379 307 416 Non
337 385 495 426 negatur
526 379 648 418 venia.

125 523 133 532 .
167 493 373 531 Exorando
405 497 442 529 et
472 493 664 530 laudando

221 550 384 587 Mariam
416 561 677 598 commemora,

165 607 262 645 Nam
295 607 423 643 delere
454 610 579 654 potest
612 617 699 643 vere

221 665 484 711 Quaecumque
517 662 697 703 facinora.

125 807 134 816 .
168 777 206 814 Si
239 777 413 823 antiquus
446 776 620 813 inimicus

222 833 397 880 Suggeiit
427 833 574 881 illicita,

166 890 322 928 Stellam
355 891 483 937 maris,
517 900 564 926 ne
595 889 773 934 vincaris,

221 947 350 984 Mente
381 957 495 993 posce
530 946 696 984 subdita.

66 1072 74 1079 ·
126 1093 133 1101 .
167 1060 206 1098 Si
237 1067 274 1097 te
306 1059 422 1096 sentis
454 1059 735 1106 temptamentis

64 1630 117 1667 24

219 1116 359 1164 Urgeri
391 1116 634 1164 daemonicis„

162 1174 254 1212 Mox
287 1173 466 1219 respiras,
500 1174 529 1209 si
562 1173 734 1220 requiras

219 1231 383 1268 Matrem
415 1230 550 1267 summi
580 1229 731 1268 iudicis,

123 1374 131 1382 .
166 1344 261 1381 Nam
285 1343 314 1380 si
337 1343 488 1390 quando
510 1348 547 1379 te
575 1342 797 1389 temptando

220 1400 336 1438 Dirus
369 1410 525 1446 serpens
558 1399 725 1448 laeserit,

166 1457 382 1504 Suspiranti
415 1461 451 1493 et
483 1456 607 1493 oranti

221 1514 288 1551 Pia
319 1518 439 1550 mater
469 1513 604 1553 aderit.

123 1661 128 1666 .
161 1627 302 1676 Quodsi
335 1626 434 1664 forte
466 1627 597 1664 mortis
630 1630 762 1673 portae

224 1685 277 1722 Te
309 1684 471 1720 vicinum
503 1686 658 1727 sentias,

163 1741 286 1779 Crede
318 1749 455 1787 tamen,
489 1742 589 1787 quod
620 1741 794 1777 iuvamen

223 1799 293 1836 Per
325 1808 405 1834 earn
440 1797 620 1844 accipias,

96 1939 132 1953 .,
166 1912 205 1949 Si
236 1918 273 1948 te
305 1911 410 1948 doles
443 1909 543 1948 ferre
575 1911 692 1948 moles

222 1968 429 2015 Culparum
462 1968 725 2016 prementium,

169 2025 278 2063 Hanc
309 2035 481 2072 precare,
514 2028 554 2062 ut
587 2025 741 2072 placare

225 2081 350 2120 Possis
381 2082 460 2118 eius
491 2080 623 2120 filium.

889 211 956 250 26.
990 209 1085 246 Nam
1119 209 1308 255 placatum
1341 208 1420 245 eius
1452 212 1581 246 natum

885 494 950 531 27.

887 777 952 815 28.

878 1060 944 1097 29.

885 1344 949 1382 30.

886 1627 951 1664 31.

1044 266 1150 302 Tunc
1182 265 1322 302 habere
1354 265 1509 312 poteris,

987 322 1026 360 Si
1058 322 1163 359 fideli
1194 326 1319 359 mente
1351 322 1445 359 caeli

1044 379 1227 426 Reginam
1259 379 1466 426 rogaveris.

986 493 1139 540 Virgam
1161 494 1280 538 Iesse,
1305 503 1416 539 quam
1438 501 1618 539 praeesse

1043 549 1198 587 Cunctis
1230 550 1305 585 seis
1339 548 1566 597 viventibus,

984 605 1152 652 Supplex
1184 617 1251 643 ora
1282 611 1319 642 et
1350 606 1511 652 implora

1038 663 1144 699 Totis
1176 662 1273 699 lianc
1304 662 1528 700 visceribus,

986 775 1095 812 Hanc
1126 775 1288 822 require,
1322 785 1416 821 quae
1448 775 1566 811 lenire

1043 832 1146 870 Solet
1178 832 1295 868 corda
1326 831 1513 877 tristium3

985 889 1121 926 Certus
1145 892 1237 933 esto,
1272 888 1373 935 quod
1395 889 1443 925 sit
1467 890 1622 934 praesto

1040 945 1150 983 Votis
1182 956 1223 983 se
1253 946 1505 992 precantium.

982 1059 1088 1096 Haec
1119 1059 1249 1103 regina
1282 1058 1328 1095 de
1360 1058 1469 1096 ruina

1037 1115 1168 1153 Faciet
1201 1120 1237 1151 te
1269 1125 1436 1161 surgere,

980 1172 1085 1209 Haec
1116 1171 1289 1218 profecto
1321 1176 1357 1208 te
1390 1172 1536 1209 directo

1037 1229 1211 1266 Deducet
1242 1229 1391 1268 itinere.

983 1343 1072 1389 Ipsa
1103 1342 1241 1378 multos
1272 1342 1346 1378 13111
1378 1342 1546 1388 sepultos

1040 1399 1147 1435 Fecit
1180 1399 1421 1445 reviviscere,

984 1455 1089 1492 Haec
1122 1456 1303 1492 adversos
1336 1461 1370 1491 et
1403 1455 1604 1493 subversos

1044 1513 1170 1549 Potest
1205 1513 1284 1549 Deo
1315 1512 1482 1560 iungere.

985 1627 1111 1674 Ipsam
1144 1637 1240 1672 31113,
1274 1626 1322 1663 3(1
1356 1626 1452 1663 hanc
1485 1626 1607 1664 clama

1044 1683 1178 1720 Cordis
1212 1683 1415 1729 desiderio,

989 1740 1039 1777 L‘t
1070 1744 1256 1776 sustentet
1288 1744 1324 1776 et
1358 1744 1577 1786 praesentet

1042 1797 1095 1833 Te
1128 1796 1238 1834 beato
1270 1795 1361 1834 filio.

984 1911 1094 1948 Hanc
1125 1911 1157 1948 si
1190 1911 1295 1957 colis,
1328 1911 1407 1947 veri
1439 1910 1529 1947 solis

1043 1966 1255 2005 Perfrueris
1286 1967 1439 2013 lumine,

982 2025 1065 2062 Hac
1097 2025 1247 2061 adiutus
1280 2024 1356 2061 eris
1387 2028 1489 2061 tutus

1039 2082 1100 2118 Ab
1132 2082 1233 2118 omni
1267 2080 1483 2118 formidine.

418 2197 486 2235 33.
518 2195 600 2232 Hoc
631 2196 863 2233 credendum
893 2200 931 2233 et
963 2195 1156 2232 fatendum

574 2253 637 2289 Ad
669 2252 850 2290 honorem
882 2252 1047 2298 Domini,

522 2309 629 2354 Quod
661 2309 835 2355 subiecit,
869 2309 1053 2356 quidquid
1087 2307 1189 2357 fecit,

543 2398 559 2412 ,
579 2366 752 2404 Christus
783 2366 896 2403 matri
928 2366 1078 2411 virgini.

654 2546 935 2593 Rhythmus
976 2547 1028 2585 II.

104 2647 139 2684 1.
172 2647 281 2684 Omni
314 2648 374 2684 die
407 2649 468 2686 dic
501 2649 659 2694 Mariae,

228 2704 328 2752 Mea,
360 2705 504 2750 laudes,
538 2706 674 2749 31111113,

171 2759 264 2796 Eius
296 2760 392 2798 festa
425 2762 502 2798 eius
535 2767 639 2809 gesta

234 2816 325 2855 Cole
353 2818 677 2864 splendidissima.

920 2650 957 2686 2.
990 2647 1258 2694 Contemplare
1293 2652 1328 2683 et
1360 2648 1498 2684 mirare

1048 2705 1141 2741 Eius
1174 2704 1450 2749 celsitudinem,

991 2761 1064 2798 Dio
1096 2760 1244 2797 felicem
1275 2762 1517 2807 genetricem,

1048 2818 1119 2854 Dic
1151 2817 1300 2855 beatam
1333 2817 1528 2864 virginem.
