1785 3111
52 231 132 270 135

53 514 134 552 140

49 797 128 835 145

51 1081 131 1119 150

50 1364 130 1402 155

56 1648 135 1686 160

55 1930 134 1969 165

57 2214 137 2252 170

661 79 714 83 ——
772 54 852 95 411
914 77 969 82 -—

177 173 234 219 Tu
267 172 445 210 virtutem
473 170 668 208 ieiunandi

178 229 257 267 Des
288 227 451 274 infirmo,
485 227 550 265 des
581 226 730 266 orandi.

175 284 251 322 Per
281 285 375 322 haec
406 285 480 322 duo
502 284 652 321 Christo
683 287 780 320 teste

179 341 391 379 Liberabor
421 340 468 378 ab
499 341 570 378 hac
601 345 720 387 peste.

175 399 236 437 Ab
259 399 331 435 hac
352 401 460 445 peste
481 398 585 434 solve
602 401 776 447 mentem,

175 455 256 492 Fac
288 455 463 492 devotum
486 455 764 501 paenitentem,

181 512 240 549 Da
271 512 458 559 timorem,
490 522 562 557 quo
594 511 779 558 prioiecto

175 569 233 606 De
264 568 385 606 salute
417 568 469 605 nil
500 568 687 606 coniecto.

176 625 234 662 Da
257 636 376 672 spem,
408 624 535 673 fidem,
569 625 778 669 caritatem,

176 682 236 719 Da
268 682 471 719 discretam
503 682 696 729 pietatem,

174 739 234 776 Da
257 744 511 786 contemptum
529 743 777 787 terrenorum,

178 796 402 842 Appetitum
434 805 696 841 supernorum.

233 853 382 897 Totum,
405 852 520 902 Deus,
542 851 580 887 in
599 855 636 887 te
651 861 778 898 spero,

175 909 292 957 Deus,
330 919 375 946 ex
406 911 444 945 te
474 912 592 945 totum
625 918 777 954 quaero,

175 966 232 1002 Tu
253 965 334 1002 laus
359 975 454 1011 mea,
482 975 603 1001 meum
626 964 777 1012 bonum,

175 1022 264 1059 Mea
295 1026 429 1059 cuncta
460 1026 563 1058 tuum
597 1022 748 1059 donum.

178 1079 235 1116 Tu
266 1079 435 1116 solamen
466 1079 504 1115 in
533 1078 676 1129 labore,

176 1135 416 1173 Medicamen
447 1136 485 1172 in
516 1136 710 1182 languore,

173 1193 231 1230 Tu
259 1192 296 1228 in
328 1193 433 1229 luctu
462 1202 545 1229 mea
576 1193 672 1239 lyra,

177 1250 234 1286 Tu
264 1250 426 1286 lenimen
461 1259 500 1285 es
530 1250 568 1286 in
600 1249 670 1295 ira,

176 1307 233 1343 Tu
264 1307 300 1342 in
335 1311 418 1343 arto
450 1305 646 1353 liberator,

178 1359 305 1400 Tu'in
335 1363 446 1409 lapsu
477 1363 680 1407 relevator,

177 1420 321 1457 Metum
335 1423 533 1466 praestans
545 1420 582 1455 in
596 1423 790 1466 provectu,

177 1476 290 1523 Spem
314 1487 541 1513 conservans
558 1476 595 1512 in
616 1474 779 1513 defectu.

179 1532 218 1570 Si
247 1533 330 1580 quis
360 1533 492 1582 laedit,
525 1538 565 1569 tu
587 1532 780 1581 rependis,

180 1589 219 1627 Si
250 1590 426 1639 minatur,
459 1594 499 1626 tu
531 1588 719 1635 defendis,

182 1647 291 1692 Quod
305 1651 361 1683 est
375 1657 527 1695 ancepS,
542 1650 582 1683 tu
592 1646 781 1693 dissolvis,

179 1704 286 1750 Quod
308 1704 526 1750 tegendum.
550 1708 589 1740 tu
605 1703 781 1740 involvis.

236 1760 293 1797 Tu
323 1761 468 1798 intrare
499 1771 558 1796 me
586 1772 660 1797 non
683 1760 786 1797 sinas

179 1815 392 1854 Infernales
423 1816 605 1864 officinas,

181 1873 256 1911 Ubi
288 1884 448 1918 maeror,
479 1873 543 1910 ubi
574 1878 707 1917 metus,

183 1930 260 1968 Ubi
291 1930 426 1978 foetor,
457 1930 521 1967 ubi
547 1929 670 1975 fletus,

185 1986 257 2025 Ubi
288 1987 430 2034 probra
462 1987 702 2036 deteguntur,

181 2043 259 2082 Ubi
290 2044 346 2081 rei
377 2043 674 2090 confunduntur,

183 2100 259 2139 Ubi
289 2104 412 2138 tortor
436 2112 587 2147 semper
609 2101 784 2147 caedens,

183 2157 260 2197 Ubi
302 2158 441 2195 vermis
473 2169 624 2204 semper
654 2158 784 2205 edens,

185 2214 261 2252 Ubi
291 2218 411 2252 totum
442 2215 513 2252 hoc
541 2225 722 2261 perenne,

868 397 946 435 175

868 680 946 719 180

869 963 946 1002 185

867 1304 946 1343 190

870 1589 947 1627 195

874 1987 953 2025 200

992 169 1085 215 Quia
1105 178 1243 215 perpes
1266 178 1366 205 mors
1388 167 1597 215 gehennae.

1048 226 1113 263 Me
1144 228 1315 271 receptet
1347 224 1435 262 Sion
1467 224 1545 274 illa,

993 282 1096 330 Sion,
1122 282 1245 319 David
1268 281 1358 318 urbs
1376 280 1595 330 tranquilla,

994 339 1108 377 Cuius
1142 337 1250 375 faber
1277 343 1409 375 auctor
1440 337 1548 386 lucis,

996 395 1110 433 Cuius
1137 400 1271 441 portae
1293 395 1435 442 lignum
1459 394 1599 439 crucis,

994 452 1108 490 Cuius
1140 452 1267 488 claves
1299 451 1426 498 lingua
1460 451 1578 497 Petri,

994 509 1106 546 Cuius
1139 509 1240 545 cives
1273 518 1424 554 semper
1455 508 1559 556 laeti,

994 566 1108 604 Cuius
1140 565 1235 602 muri
1269 565 1366 611 lapis
1399 565 1517 614 vivus,

993 622 1107 661 Cuius
1140 626 1264 658 custos
1292 631 1359 657 rex
1391 620 1563 659 festivus.

994 680 1039 716 In
1074 679 1146 715 hac
1181 678 1275 714 urbe
1306 678 1370 714 lux
1403 678 1596 727 sollennis,

992 735 1069 771 Ver
1085 739 1293 779 aeternum,
1310 745 1385 780 pax
1404 734 1595 783 perennis,

992 793 1036 829 In
1063 792 1134 828 hac
1156 791 1252 827 odor
1272 790 1434 837 implens
1458 791 1595 839 caelos,

993 850 1038 886 In
1055 848 1127 885 hac
1145 846 1282 884 festum
1302 858 1452 894 semper
1464 847 1594 887 1110103.

992 905 1077 942 Non
1111 909 1166 941 est
1198 904 1249 940 ibi
1281 904 1509 953 corruptela,

992 962 1078 999 Non
1111 960 1282 999 defectus
1314 972 1384 998 nec
1415 961 1581 1009 querela,

992 1019 1077 1056 Non
1110 1018 1256 1062 minuti,
1290 1029 1364 1055 non
1393 1016 1596 1060 deformes,

991 1077 1129 1114 Omnes
1162 1075 1312 1112 Christo
1343 1079 1430 1112 sunt
1461 1085 1548 1111 0011-

1047 1131 1199 1171 formes

993 1190 1096 1228 Urbs
1129 1188 1315 1238 caelestis,
1348 1188 1439 1224 urbs
1473 1188 1599 1237 beata,

992 1247 1116 1292 Super
1147 1249 1293 1293 petram
1328 1245 1526 1294 collocata,

988 1303 1090 1341 Urbs
1121 1303 1160 1339 in
1192 1307 1304 1348 portu
1335 1302 1427 1338 satis
1458 1306 1552 1350 tuto,

992 1361 1050 1397 De
1082 1360 1285 1407 longinquo
1315 1362 1352 1395 te
1384 1359 1520 1398 saluto.

994 1417 1048 1454 Te
1076 1417 1211 1462 saluto,
1239 1420 1276 1452 te
1308 1415 1469 1462 suspiro,

992 1474 1045 1510 Te
1077 1472 1223 1521 affecto,
1257 1476 1294 1508 te
1326 1472 1491 1519 requiro.

995 1531 1182 1576 Quantum
1213 1529 1266 1565 tui
1298 1529 1551 1576 gratulentur,

995 1589 1114 1633 Quam
1145 1586 1282 1624 festive
1315 1586 1576 1634 conviventur,

994 1645 1084 1691 Quis
1115 1643 1272 1680 affectus
1310 1653 1372 1679 eos
1405 1643 1565 1689 stringat

996 1703 1073 1738 Aut
1095 1711 1191 1747 quae
1209 1710 1355 1747 gemma
1374 1709 1500 1736 muros
1518 1699 1602 1748 pin-

1057 1762 1132 1806 gat,

998 1815 1090 1860 Quis
1124 1814 1346 1861 chalcedon,
1379 1813 1462 1860 quis
1482 1813 1602 1850 iacin-

1058 1871 1159 1919 thus,

1000 1929 1150 1966 Norunt
1179 1927 1249 1973 illi,
1283 1927 1347 1973 qui
1374 1930 1461 1963 sunt
1482 1926 1599 1965 intus.

1001 1987 1046 2024 In
1077 1985 1215 2031 plateis
1247 1983 1357 2020 huius
1389 1983 1494 2020 urbis

1000 2042 1171 2080 Sociatus
1204 2041 1276 2086 piis
1308 2039 1431 2076 turbis

1000 2099 1092 2137 Cum
1123 2098 1258 2144 Moyse
1290 2101 1327 2133 et
1358 2096 1445 2133 Elia

1001 2156 1108 2194 Pium
1141 2159 1287 2191 cantem
1320 2153 1500 2191 Alleluia.

133 2338 276 2371 Collect.
311 2348 371 2369 ms.
400 2338 434 2370 S.
460 2339 600 2370 Nicolai
624 2339 807 2369 Patavieu.
834 2347 923 2368 saec.
953 2333 1004 2367 12.
1032 2335 1116 2367 Chn.
1143 2335 1325 2366 Monacen.
1356 2330 1472 2365 16073
1497 2333 1537 2364 Α.
1563 2350 1609 2354 —

43 2382 185 2415 collect.
219 2394 282 2415 ms.
305 2384 523 2415 Victorinum
557 2394 646 2415 saec.
682 2381 733 2414 12.
783 2382 866 2415 (jod.
892 2382 1043 2413 Parisin.
1080 2377 1206 2411 14867.
1233 2380 1270 2411 B.
1303 2398 1347 2402 fl
1372 2379 1516 2410 Collect.
1544 2389 1607 2410 ms.

45 2428 324 2461 Cirencestrense
350 2439 439 2460 saec.
471 2428 520 2461 13.
570 2429 653 2461 Cod.
678 2429 828 2460 Parisin.
862 2424 989 2458 11867.
1016 2427 1052 2458 C.
1078 2444 1115 2448 —-
1148 2425 1292 2457 Colleet.
1318 2435 1380 2455 ms.
1399 2424 1609 2455 Carthusiae

42 2473 174 2506 Montis
200 2475 235 2506 S.
256 2476 358 2506 Beati
384 2485 489 2516 prope
509 2474 761 2505 Confluentiain
789 2484 878 2505 saec.
900 2471 949 2504 13.
969 2470 1037 2513 [14.
1058 2468 1126 2512 15.]
1166 2471 1248 2503 Cod.
1267 2471 1511 2501 Vindobonen.
1530 2467 1607 2501 898.

43 2519 86 2550 D·
121 2536 164 2542 —-
189 2520 333 2552 Collect.
367 2531 428 2551 1115.
455 2521 672 2551 Voraviense
705 2529 795 2551 saec.
833 2517 918 2549 ¹213.
967 2517 1049 2550 Cod.
1077 2517 1265 2548 Voravien.
1292 2514 1345 2547 33.
1370 2514 1471 2555 (111).
1497 2515 1539 2547 E.
1564 2531 1606 2536 —

45 2564 188 2597 Collect.
221 2576 281 2597 ms.
306 2566 571 2607 Pruvningense
605 2576 693 2597 saec.
723 2564 773 2596 15.
800 2565 886 2596 Clm.
911 2564 1092 2595 Monacen.
1129 2559 1256 2594 12007.
1284 2563 1320 2593 F.
1353 2579 1392 2582 —
1422 2561 1606 2602 Speculum

45 2608 225 2643 historiale
250 2612 428 2643 Vincentii
451 2611 674 2643 Bellovaccn.
701 2621 789 2641 saec.
818 2608 868 2641 14.
896 2610 980 2641 Clm.
1008 2610 1190 2640 Monacen.
1220 2604 1336 2638 17132
1360 2607 1400 2638 G.

139 2653 154 2685 1
182 2655 243 2688 AO
268 2657 365 2688 Deus
392 2667 487 2688 meus
504 2657 609 2688 ABD.
635 2674 678 2677 —
705 2654 725 2686 2
744 2666 838 2687 inens
856 2656 950 2686 Deus
969 2657 1006 2686 B.
1025 2672 1068 2675 ——
1086 2652 1105 2684 9
1124 2664 1186 2684 1100
1205 2653 1359 2684 inclusus
1379 2653 1419 2683 l).
1438 2671 1479 2674 -
1499 2650 1519 2682 9
1537 2651 1608 2681 und

49 2697 90 2732 10
115 2700 230 2732 hinter
256 2699 298 2733 12
314 2703 390 2741 AF;
419 2719 461 2722 —
490 2700 531 2734 10
556 2702 626 2733 und
653 2700 672 2733 9
697 2701 813 2732 11111101·
842 2699 881 2732 12
901 2700 940 2730 G.
969 2697 1009 2731 10
1034 2709 1097 2731 nec
1122 2696 1282 2729 exclusus
1300 2698 1337 2728 F.
1357 2715 1398 2719 —
1421 2695 1457 2728 11
1478 2696 1548 2727 und
1568 2695 1609 2727 12

44 2747 244 2788 umgestellt
259 2747 360 2787 BCG,
386 2766 428 2771 —
456 2746 496 2779 12
520 2758 583 2779 1100
610 2748 807 2779 subtractus
825 2747 865 2777 A.
891 2764 934 2767 —
960 2743 1002 2777 13
1021 2744 1132 2784 Supra
1158 2747 1250 2774 totus
1270 2744 1313 2775 C:
1342 2742 1550 2784 possidendo
1570 2742 1608 2772 B.

45 2807 89 2814 —
116 2788 158 2822 14
182 2793 402 2824 subsistendo
420 2793 492 2824 AB.
520 2811 559 2814 —
590 2792 628 2824 16
647 2794 743 2824 Intra
769 2795 861 2823 totns
887 2793 923 2822 in
941 2790 1145 2832 complendo
1165 2790 1233 2821 FG.
1254 2808 1295 2811 ——
1316 2786 1356 2819 17
1375 2797 1552 2829 nunquam
1569 2788 1610 2818 B.
