1785 3111
171 160 236 198 12.

171 432 237 471 13.

167 704 232 743 14.

163 1248 229 1289 16.

164 1523 230 1562 17.

157 1795 224 1835 18.

157 2067 222 2107 19.

157 2335 222 2373 20.

158 2599 224 2639 21.

685 47 997 87 —381—

283 160 443 211 Angele,
476 161 570 198 tolle
600 164 753 210 metum,
786 172 903 210 spem.
937 163 1087 209 gaudia,
1120 163 1212 199 tolle
1244 163 1425 213 dolorem,

283 218 453 263 Quatuor
483 218 576 254 haec
607 218 795 254 hominem
827 219 1011 256 suffocant
1041 220 1273 269 interiorem,

283 274 389 311 Haec
419 274 592 311 adimunt
622 274 713 311 fidei
745 286 893 312 sacrum
925 277 1148 313 temerando
1178 276 1385 327 liquorem3

282 331 354 368 His
384 331 501 378 igitur
530 332 650 378 pulsis
682 337 853 368 sanctum
886 333 977 369 mihi
1010 332 1140 370 confer
1169 344 1348 374 amorem.

285 432 443 480 Angele,
476 443 595 469 verna
625 437 710 469 tuus
744 434 876 470 humili
908 440 944 470 te
975 446 1066 471 voce
1097 442 1286 481 precatur,

285 490 340 528 Ut
370 489 440 526 tibi
472 490 709 526 commissum
741 501 781 526 se
812 501 954 538 serves,
987 502 1033 528 ne
1065 493 1258 534 moriatur,

281 546 379 583 Nam
409 547 649 593 corruptelae
681 547 782 583 vitiis
815 553 851 583 et
882 548 980 584 mole
1010 554 1212 594 gravatur,

278 603 382 651 Ergo
414 607 519 640 tuum
551 608 696 650 vegeta,
729 615 775 640 ne
806 605 939 640 mortis
972 603 1074 641 fasce
1106 611 1313 651 prematur.

279 705 438 753 Angele,
471 716 541 752 per
572 706 762 744 Christum
794 717 885 753 rogo
915 711 965 751 te,
999 718 1071 753 quo
1101 707 1342 753 glorificaris,

279 761 333 800 Ut
363 773 437 798 non
471 772 553 798 cum
583 762 756 809 reprobis
789 763 987 809 reprobari
1018 773 1077 799 me
1106 764 1278 810 patiaris,

281 818 355 855 Sed
388 829 445 854 me
475 818 656 855 iustifices
689 823 725 855 et
755 819 802 856 ab
835 820 942 856 hoste
972 821 1072 857 malo
1102 821 1244 857 tuearis

278 875 418 922 Meque
447 875 553 912 iuves
585 875 690 912 caelo
722 876 849 912 cuneis
878 876 1059 913 assistere
1092 877 1218 917 claris.

223 1006 232 1015 .
279 977 440 1023 Angele‚
472 976 534 1014 fac
564 988 634 1024 per
665 988 759 1027 eum,
794 978 856 1025 qui
889 977 979 1015 feeit
1010 980 1049 1016 in
1078 979 1232 1016 aethere
1263 980 1405 1027 stellas,

276 1034 502 1080 Mysterium
535 1035 639 1071 cuius
671 1035 794 1071 nullas
826 1035 904 1072 scio
937 1036 1035 1072 scire
1066 1036 1242 1081 tabellas,

276 1090 342 1138 Ut,
374 1101 617 1138 quaecunque
647 1097 798 1139 nocent,
830 1093 989 1139 propria
1020 1093 1160 1131 virtute
1192 1094 1371 1141 repellas,

278 1148 418 1196 Iurgia,
452 1148 610 1185 livorem
641 1159 793 1185 remove
824 1150 1029 1196 mundique
1063 1151 1263 1197 procellas.

275 1249 435 1296 Angele,
469 1250 531 1297 qui
562 1254 732 1288 nostram
764 1249 938 1298 fragilem
971 1252 1045 1288 seis
1078 1252 1350 1301 condicionem,

274 1306 387 1344 Solve
419 1307 512 1355 Deo,
545 1318 656 1353 quam
686 1319 760 1344 non
792 1308 912 1357 valeo,
945 1319 1015 1355 pro
1047 1319 1106 1345 me
1137 1310 1322 1346 rationem

274 1364 333 1400 Ac
364 1363 466 1410 mihi,
501 1364 588 1400 dum
619 1364 717 1405 vivo,
752 1375 878 1401 veram
910 1369 997 1411 pete
1028 1366 1277 1412 relligionem,

274 1420 530 1467 Vivorumque
558 1421 668 1457 simul
698 1426 784 1467 post
814 1427 973 1458 mortem
1006 1423 1054 1460 da
1085 1423 1286 1469 regionem.

276 1523 435 1571 Angele,
468 1522 667 1570 sobrietas,
699 1523 832 1560 modus
864 1528 900 1559 et
931 1524 1053 1572 pietas
1086 1524 1276 1572 abierunt,

272 1579 418 1626 Hisque
449 1579 703 1626 superfluitas,
736 1584 861 1617 tumor
890 1585 927 1617 et
958 1581 1093 1618 levitas
1125 1581 1333 1632 subierunt,

272 1636 402 1674 Omnis
433 1647 492 1673 me
525 1636 644 1673 virtus
676 1640 714 1673 et
743 1637 922 1674 honestas
956 1638 1217 1687 deseruerunt,

274 1693 332 1730 Tu
363 1704 501 1730 revoca
530 1693 642 1741 vires,
675 1705 771 1741 quae
801 1695 856 1730 sic
886 1705 945 1731 me
978 1695 1246 1736 destituerunt,

271 1796 432 1843 Angele,
465 1796 528 1842 qui
559 1806 664 1832 meus
696 1806 735 1832 es
767 1797 923 1833 caelesti
955 1807 1110 1834 munere
1143 1801 1281 1836 eustos,

270 1853 342 1899 Qui
370 1859 537 1889 veterem
569 1852 686 1889 vitam
718 1853 899 1900 reprobas
932 1864 1131 1901 moresque
1163 1859 1330 1891 vetustos

268 1909 321 1947 Et
351 1920 419 1946 nos
451 1919 533 1946 esse
563 1921 680 1946 novos
712 1911 818 1957 cupis
849 1914 886 1946 et
917 1911 998 1947 sine
1030 1911 1189 1947 crimine
1218 1911 1351 1959 iustos,

270 1966 395 2003 Renes
424 1977 493 2003 ure
523 1977 625 2003 meos
657 1967 795 2003 ardore
823 1967 994 2004 libidinis
1024 1972 1143 2005 ustos.

270 2068 430 2114 Angele,
466 2067 529 2114 qui
560 2067 696 2104 mentis
727 2068 872 2105 nitidae
904 2079 1019 2105 verax
1052 2080 1090 2105 es
1120 2074 1266 2106 amator

272 2125 518 2171 Iustitiaeque
549 2135 655 2162 meae
686 2125 876 2161 studiosus
909 2125 958 2162 ad
990 2126 1123 2163 aethra
1153 2127 1309 2173 relator,

270 2182 372 2219 Ante
405 2181 525 2219 Deum
555 2181 664 2218 testis
694 2192 798 2218 meus
830 2187 923 2229 esto,
955 2183 1026 2218 mei
1058 2183 1268 2231 miserator,

274 2238 394 2275 Parce
425 2237 528 2287 mihi,
563 2249 610 2275 ne
638 2249 696 2274 me
727 2238 907 2285 reprobet
940 2239 1165 2286 damnetque
1197 2244 1357 2278 creator.

272 2334 432 2381 Angele,
465 2333 585 2370 multa
614 2338 803 2381 premunt,
837 2334 1024 2372 vincenda
1054 2335 1233 2382 superbia
1263 2340 1395 2383 restat,

272 2391 379 2428 Haec
409 2401 467 2426 me
499 2400 591 2436 prae
623 2391 768 2427 cunctis
799 2391 902 2427 vitiis
933 2391 1063 2428 odiosa
1095 2392 1282 2443 molestat,

270 2447 378 2485 Haec
409 2458 478 2494 per
510 2447 626 2483 verba
658 2445 752 2484 foris
783 2447 964 2485 iactantia
994 2459 1035 2485 se
1065 2448 1297 2499 manifestat,

270 2504 371 2541 Huic
400 2514 550 2550 oppone
581 2515 730 2540 manum
760 2514 829 2551 per
859 2514 953 2555 eum,
988 2506 1051 2552 qui
1084 2506 1210 2543 vivere
1240 2510 1425 2554 praestat.

271 2600 434 2647 AngeIe,
466 2600 571 2636 mille
601 2599 724 2636 modis
755 2600 952 2637 stimulant
982 2612 1041 2637 me
1072 2602 1230 2640 crimina
1261 2607 1408 2640 centum

267 2656 322 2694 Et
352 2657 443 2693 mihi
476 2657 646 2694 divinum
678 2657 834 2704 eupiunt
864 2656 1015 2694 auferre
1046 2659 1243 2708 talentum,

269 2713 355 2750 Non
386 2724 448 2751 ars
478 2714 557 2751 ulla
586 2714 691 2750 iuvat
722 2723 791 2750 nec
822 2724 912 2760 opes
944 2725 1012 2751 nec
1041 2726 1130 2753 cura
1161 2719 1400 2761 medentumg

269 2768 364 2816 Spes
394 2780 476 2808 mea
507 2774 548 2807 tu
577 2770 693 2816 solus,
726 2780 784 2806 me
816 2768 905 2807 fatis
934 2771 1039 2818 eripe
1069 2772 1235 2811 flentum.
