1785 3111
765 73 1078 114 —646—

562 189 662 226 Tuos
694 199 823 226 servos
855 192 892 226 et
924 188 1080 226 devotos

560 246 639 283 Fac
670 255 805 282 cruore
835 250 899 282 tuo
931 246 1042 293 lotOS,

621 303 690 351 Ut,
724 302 787 348 qui
818 302 936 348 empti
968 302 1149 350 sanguine

561 359 715 405 Christi,
749 362 889 406 queant
914 354 1047 396 'vivere

562 416 703 453 Tecum
735 416 836 453 omni
867 419 1050 462 tempore.

302 663 384 699 422.
421 663 480 705 (5.)
515 663 560 697 In
587 662 740 699 Octava
766 661 877 698 beati
902 661 1081 698 Victoris
1108 671 1228 706 super
1255 660 1537 706 [Magnificatl.

134 784 170 821 1.
215 780 423 820 Dominum
453 778 733 827 magnificemus
961 782 997 818 2.
1045 779 1141 816 Nam
1183 790 1252 826 pro
1283 778 1359 816 fide
1389 783 1476 816 sunt
1506 780 1702 828 prostrati,

215 838 267 876 Et
299 838 434 875 devote
466 836 698 874 celebremus
1043 836 1161 873 Immo
1193 836 1312 884 magis
1343 836 1491 874 evocati

274 894 439 931 Victoris
470 893 680 941 sollemnia,
1098 893 1162 930 Ad
1193 897 1386 930 aeternam
1416 892 1590 943 patriam,

216 951 310 989 Eius
342 961 489 997 quoque
520 950 719 999 sociorum,
1043 950 1149 995 Cum,
1183 961 1252 996 pro
1280 949 1355 987 fide
1387 950 1450 997 qui
1480 952 1675 999 necantur,

216 1007 357 1055 Quibus
375 1007 560 1053 Christus,
584 1017 651 1043 rex
671 1006 872 1055 caelorum,
1040 1007 1085 1043 In
1117 1010 1312 1043 aeternum
1343 1006 1592 1044 ostendantur

273 1064 391 1102 Dedit
423 1063 522 1101 vitae
553 1063 736 1110 praemia.
1090 1063 1228 1099 Vivere
1259 1073 1328 1110 per
1359 1063 1531 1111 gloriam.

467 1202 504 1239 3.
553 1199 690 1237 Sancte
726 1199 865 1247 Victor,
900 1202 1046 1246 martyr
1076 1198 1189 1246 mitis,

557 1258 631 1294 Pro
662 1255 772 1294 nobis
805 1266 887 1292 cum
920 1260 1006 1292 tuae
1038 1255 1117 1292 litis

611 1313 810 1361 Supplices
843 1312 1093 1361 consortibus,

548 1365 604 1408 ‘Ut
636 1381 703 1406 rex
736 1380 878 1416 regum.
911 1369 974 1416 qui
1006 1380 1073 1406 nos
1103 1368 1221 1416 gratis

551 1427 738 1473 Redemit,
772 1425 820 1463 ab
851 1426 1054 1473 insperatis

606 1483 685 1521 Nos
718 1487 916 1521 conservet
946 1482 1144 1520 mortibus.

450 1707 531 1744 423.
569 1708 625 1750 16.)
660 1707 718 1742 De
745 1706 886 1742 sancto
916 1707 1082 1743 Victore
1110 1706 1358 1750 Antiphona.

340 1835 476 1873 Inclite
507 1840 666 1883 martyr,
698 1845 780 1881 ave,
816 1835 972 1881 clarum,
1006 1834 1235 1882 venerabile,
1268 1845 1383 1872 suave

341 1891 427 1929 Non
459 1891 580 1928 solum
611 1902 746 1928 nomen
778 1891 944 1929 Victoris
976 1891 1118 1928 habens
1150 1892 1217 1928 sed
1247 1896 1285 1927 et
1314 1902 1438 1937 omen,

339 1948 410 1994 Qui
440 1959 514 1985 non
545 1948 732 1985 vincendo
763 1948 837 1985 vim
869 1948 918 1996 vi,
952 1948 1019 1985 sed
1051 1948 1126 1984 vim
1157 1947 1340 1994 patiendo

339 2005 497 2042 Hostem
532 2004 669 2054 vicisti,
703 2015 837 2052 passus
868 2015 938 2050 pro
969 2004 1119 2041 nomine
1151 2004 1305 2054 Christi,

341 2062 500 2108 Suscipe
532 2072 729 2098 servorum
762 2060 963 2108 dignanter
994 2065 1082 2098 vota
1113 2066 1275 2099 tuorum.

209 2186 234 2218 c
259 2186 304 2225 11,
335 2197 366 2227 p.
395 2184 471 2218 107.

394 2341 475 2378 424.
512 2342 569 2383 (7.)
608 2341 772 2385 Rigmus
797 2340 974 2385 ymnicus
1000 2340 1142 2376 decani
1167 2339 1408 2376 Xantensis.

118 2462 155 2500 1.
204 2459 387 2497 Conditor
418 2471 541 2497 rerum
574 2459 753 2505 omnium,
940 2460 978 2496 2.
1026 2458 1097 2504 Qui
1128 2457 1365 2505 protoplasto
1397 2455 1601 2494 condolens

202 2516 296 2563 Spes
327 2517 439 2554 unica
470 2516 717 2561 credentium,
1026 2515 1207 2552 Eiusdem
1239 2523 1401 2561 perpere
1432 2511 1574 2550 factum

204 2573 367 2620 Depelle
397 2583 506 2610 omne
537 2573 734 2619 somnium,
1025 2572 1060 2609 A
1091 2571 1199 2608 nobis
1230 2570 1291 2617 pie
1322 2579 1531 2615 removens,

203 2632 282 2677 Quo
314 2633 441 2676 torpet
474 2629 592 2667 virtus
623 2629 815 2675 mentium,
1024 2628 1127 2665 Tuus
1158 2627 1290 2674 implet
1320 2630 1431 2663 natus
1462 2630 1628 2672 pactum,

205 2687 256 2725 Ut
286 2687 323 2724 in
355 2688 523 2724 adventu
553 2685 622 2722 filii
1027 2685 1087 2721 Ex
1117 2688 1155 2721 te
1184 2683 1292 2720 nobis
1323 2681 1476 2719 tandem
1509 2682 1631 2730 datus,

204 2745 238 2780 A
270 2748 307 2780 te
338 2743 525 2790 possimus
558 2742 665 2788 diligi
1028 2741 1167 2778 Nostra
1199 2740 1310 2786 culpa
1340 2738 1552 2776 trucidatus

259 2800 432 2837 Eundem
466 2799 678 2846 diligentes,
1080 2797 1240 2834 ludaeos
1271 2805 1340 2843 per
1370 2799 1553 2834 amentes.
