<?xml version="1.0" encoding="UTF-8"?>
<!DOCTYPE html PUBLIC "-//W3C//DTD XHTML 1.0 Transitional//EN"
    "http://www.w3.org/TR/xhtml1/DTD/xhtml1-transitional.dtd">
<html xmlns="http://www.w3.org/1999/xhtml" xml:lang="en" lang="en">
 <head>
  <title>
</title>
<meta http-equiv="Content-Type" content="text/html;charset=utf-8" />
  <meta name='ocr-system' content='tesseract 3.04.00' />
  <meta name='ocr-capabilities' content='ocr_page ocr_carea ocr_par ocr_line ocrx_word'/>
</head>
<body>
  <div class='ocr_page' id='page_1' title='image "./analectahymnicam50drevuoft/analectahymnicam50drevuoft_0343.png"; bbox 0 0 1785 3111; ppageno 0'>
   <div class='ocr_carea' id='block_1_1' title="bbox 656 68 964 108">
    <p class='ocr_par' dir='ltr' id='par_1_1' title="bbox 656 68 964 108">
     <span class='ocr_line' id='line_1_1' title="bbox 656 68 964 108; baseline 0 0"><span class='ocrx_word' id='word_1_1' title='bbox 656 68 964 108; x_wconf 80' lang='lat'>—323—</span> 
     </span>
    </p>
   </div>
   <div class='ocr_carea' id='block_1_2' title="bbox 419 235 1209 280">
    <p class='ocr_par' dir='ltr' id='par_1_2' title="bbox 419 235 1209 280">
     <span class='ocr_line' id='line_1_2' title="bbox 419 235 1209 280; baseline 0.004 -11"><span class='ocrx_word' id='word_1_2' title='bbox 419 235 502 271; x_wconf 77' lang='lat'>250.</span> <span class='ocrx_word' id='word_1_3' title='bbox 539 235 598 277; x_wconf 82' lang='lat'>(3.)</span> <span class='ocrx_word' id='word_1_4' title='bbox 632 236 780 272; x_wconf 73' lang='lat' dir='ltr'>Versus</span> <span class='ocrx_word' id='word_1_5' title='bbox 807 246 927 280; x_wconf 83' lang='lat' dir='ltr'>super</span> <span class='ocrx_word' id='word_1_6' title='bbox 950 237 1209 280; x_wconf 83' lang='lat' dir='ltr'>Evangelium</span> 
     </span>
    </p>
   </div>
   <div class='ocr_carea' id='block_1_3' title="bbox 492 304 1128 347">
    <p class='ocr_par' dir='ltr' id='par_1_3' title="bbox 492 304 1128 347">
     <span class='ocr_line' id='line_1_3' title="bbox 492 304 1128 347; baseline 0.002 -10"><span class='ocrx_word' id='word_1_7' title='bbox 492 306 616 347; x_wconf 88' lang='lat' dir='ltr'>„Cum</span> <span class='ocrx_word' id='word_1_8' title='bbox 650 312 780 338; x_wconf 72' lang='lat' dir='ltr'>natus</span> <span class='ocrx_word' id='word_1_9' title='bbox 815 310 937 338; x_wconf 86' lang='lat' dir='ltr'>esset</span> <span class='ocrx_word' id='word_1_10' title='bbox 969 304 1128 338; x_wconf 77' lang='lat' dir='ltr'>Iesus“.</span> 
     </span>
    </p>
   </div>
   <div class='ocr_carea' id='block_1_4' title="bbox 359 409 1108 456">
    <p class='ocr_par' dir='ltr' id='par_1_4' title="bbox 359 409 1108 456">
     <span class='ocr_line' id='line_1_4' title="bbox 359 409 1108 456; baseline -0.001 -9"><span class='ocrx_word' id='word_1_11' title='bbox 359 441 366 447; x_wconf 92' lang='lat'>.</span> <span class='ocrx_word' id='word_1_12' title='bbox 416 409 506 447; x_wconf 84' lang='lat' dir='ltr'>Cum</span> <span class='ocrx_word' id='word_1_13' title='bbox 539 420 635 456; x_wconf 85' lang='lat' dir='ltr'>puer</span> <span class='ocrx_word' id='word_1_14' title='bbox 666 411 771 447; x_wconf 88' lang='lat' dir='ltr'>Iesus</span> <span class='ocrx_word' id='word_1_15' title='bbox 801 410 943 447; x_wconf 80' lang='lat' dir='ltr'>deitate</span> <span class='ocrx_word' id='word_1_16' title='bbox 974 411 1108 456; x_wconf 87' lang='lat' dir='ltr'>plenus</span> 
     </span>
    </p>
   </div>
   <div class='ocr_carea' id='block_1_5' title="bbox 413 466 1167 628">
    <p class='ocr_par' dir='ltr' id='par_1_5' title="bbox 413 466 1167 628">
     <span class='ocr_line' id='line_1_5' title="bbox 414 466 1167 513; baseline 0.004 -11"><span class='ocrx_word' id='word_1_17' title='bbox 414 466 638 503; x_wconf 79' lang='lat' dir='ltr'>Bethlehem</span> <span class='ocrx_word' id='word_1_18' title='bbox 672 467 767 504; x_wconf 88' lang='lat' dir='ltr'>Iuda</span> <span class='ocrx_word' id='word_1_19' title='bbox 800 467 992 513; x_wconf 81' lang='lat' dir='ltr'>genetrice</span> <span class='ocrx_word' id='word_1_20' title='bbox 1023 478 1167 505; x_wconf 79' lang='lat' dir='ltr'>summa</span> 
     </span>
     <span class='ocr_line' id='line_1_6' title="bbox 413 522 1080 570; baseline 0.001 -11"><span class='ocrx_word' id='word_1_21' title='bbox 413 522 552 560; x_wconf 86' lang='lat' dir='ltr'><strong>Editus</strong></span> <span class='ocrx_word' id='word_1_22' title='bbox 584 524 678 560; x_wconf 90' lang='lat' dir='ltr'>mire</span> <span class='ocrx_word' id='word_1_23' title='bbox 708 523 777 560; x_wconf 90' lang='lat' dir='ltr'>sub</span> <span class='ocrx_word' id='word_1_24' title='bbox 808 524 961 560; x_wconf 89' lang='lat' dir='ltr'>Herode</span> <span class='ocrx_word' id='word_1_25' title='bbox 993 534 1080 570; x_wconf 83' lang='lat' dir='ltr'>rege</span> 
     </span>
     <span class='ocr_line' id='line_1_7' title="bbox 531 580 854 628; baseline -0.003 -11"><span class='ocrx_word' id='word_1_26' title='bbox 531 580 678 617; x_wconf 88' lang='lat' dir='ltr'>Viseret</span> <span class='ocrx_word' id='word_1_27' title='bbox 711 580 854 628; x_wconf 78' lang='lat' dir='ltr'>orbem,</span> 
     </span>
    </p>
   </div>
   <div class='ocr_carea' id='block_1_6' title="bbox 359 687 1220 728">
    <p class='ocr_par' dir='ltr' id='par_1_6' title="bbox 359 687 1220 728">
     <span class='ocr_line' id='line_1_8' title="bbox 359 687 1220 728; baseline 0.002 -3"><span class='ocrx_word' id='word_1_28' title='bbox 359 717 368 726; x_wconf 92' lang='lat'>.</span> <span class='ocrx_word' id='word_1_29' title='bbox 414 687 506 724; x_wconf 87' lang='lat' dir='ltr'>Mox</span> <span class='ocrx_word' id='word_1_30' title='bbox 538 698 669 724; x_wconf 87' lang='lat' dir='ltr'>recens</span> <span class='ocrx_word' id='word_1_31' title='bbox 700 687 822 724; x_wconf 85' lang='lat' dir='ltr'>stella·</span> <span class='ocrx_word' id='word_1_32' title='bbox 847 687 958 723; x_wconf 90' lang='lat' dir='ltr'>simul</span> <span class='ocrx_word' id='word_1_33' title='bbox 990 692 1045 723; x_wconf 89' lang='lat' dir='ltr'>est</span> <span class='ocrx_word' id='word_1_34' title='bbox 1075 688 1220 728; x_wconf 85' lang='lat' dir='ltr'>oborta.</span> 
     </span>
    </p>
   </div>
   <div class='ocr_carea' id='block_1_7' title="bbox 413 743 1166 897">
    <p class='ocr_par' dir='ltr' id='par_1_7' title="bbox 413 743 1166 897">
     <span class='ocr_line' id='line_1_9' title="bbox 413 743 1166 791; baseline 0.003 -11"><span class='ocrx_word' id='word_1_35' title='bbox 413 745 531 791; x_wconf 77' lang='lat' dir='ltr'>Quam</span> <span class='ocrx_word' id='word_1_36' title='bbox 561 745 660 791; x_wconf 85' lang='lat' dir='ltr'>magi</span> <span class='ocrx_word' id='word_1_37' title='bbox 690 744 842 791; x_wconf 86' lang='lat' dir='ltr'>quidam</span> <span class='ocrx_word' id='word_1_38' title='bbox 872 743 1017 780; x_wconf 90' lang='lat' dir='ltr'>oriente</span> <span class='ocrx_word' id='word_1_39' title='bbox 1048 745 1166 782; x_wconf 85' lang='lat' dir='ltr'>visam</span> 
     </span>
     <span class='ocr_line' id='line_1_10' title="bbox 415 800 1166 848; baseline 0.003 -11"><span class='ocrx_word' id='word_1_40' title='bbox 415 800 546 848; x_wconf 85' lang='lat' dir='ltr'>Usque</span> <span class='ocrx_word' id='word_1_41' title='bbox 578 801 742 847; x_wconf 81' lang='lat' dir='ltr'>regalem</span> <span class='ocrx_word' id='word_1_42' title='bbox 775 800 1004 837; x_wconf 79' lang='lat' dir='ltr'>comitantur</span> <span class='ocrx_word' id='word_1_43' title='bbox 1020 801 1166 838; x_wconf 81' lang='lat' dir='ltr'>urbem</span> 
     </span>
     <span class='ocr_line' id='line_1_11' title="bbox 529 858 856 897; baseline 0.006 -3"><span class='ocrx_word' id='word_1_44' title='bbox 529 858 572 895; x_wconf 92' lang='lat' dir='ltr'>In</span> <span class='ocrx_word' id='word_1_45' title='bbox 603 858 856 897; x_wconf 83' lang='lat' dir='ltr'>Hierusalem.</span> 
     </span>
    </p>
   </div>
   <div class='ocr_carea' id='block_1_8' title="bbox 362 965 1087 1011">
    <p class='ocr_par' dir='ltr' id='par_1_8' title="bbox 362 965 1087 1011">
     <span class='ocr_line' id='line_1_12' title="bbox 362 965 1087 1011; baseline -0.003 -7"><span class='ocrx_word' id='word_1_46' title='bbox 362 997 369 1004; x_wconf 95' lang='lat'>.</span> <span class='ocrx_word' id='word_1_47' title='bbox 416 965 466 1002; x_wconf 88' lang='lat' dir='ltr'>Et</span> <span class='ocrx_word' id='word_1_48' title='bbox 498 965 735 1011; x_wconf 85' lang='lat' dir='ltr'>requirentes</span> <span class='ocrx_word' id='word_1_49' title='bbox 766 965 862 1003; x_wconf 90' lang='lat' dir='ltr'>inibi</span> <span class='ocrx_word' id='word_1_50' title='bbox 892 970 1087 1003; x_wconf 86' lang='lat' dir='ltr'>manentes</span> 
     </span>
    </p>
   </div>
   <div class='ocr_carea' id='block_1_9' title="bbox 415 1022 1275 1175">
    <p class='ocr_par' dir='ltr' id='par_1_9' title="bbox 415 1022 1275 1175">
     <span class='ocr_line' id='line_1_13' title="bbox 416 1022 1090 1072; baseline 0.001 -14"><span class='ocrx_word' id='word_1_51' title='bbox 416 1022 594 1068; x_wconf 87' lang='lat' dir='ltr'>Inquiunt</span> <span class='ocrx_word' id='word_1_52' title='bbox 625 1023 722 1062; x_wconf 88' lang='lat' dir='ltr'>illis:</span> <span class='ocrx_word' id='word_1_53' title='bbox 756 1024 938 1060; x_wconf 85' lang='lat' dir='ltr'>Reserate</span> <span class='ocrx_word' id='word_1_54' title='bbox 968 1022 1090 1072; x_wconf 81' lang='lat' dir='ltr'>nobis⁷</span> 
     </span>
     <span class='ocr_line' id='line_1_14' title="bbox 415 1079 1275 1127; baseline 0.003 -12"><span class='ocrx_word' id='word_1_55' title='bbox 415 1079 496 1124; x_wconf 84' lang='lat' dir='ltr'>Quo</span> <span class='ocrx_word' id='word_1_56' title='bbox 527 1079 577 1115; x_wconf 88' lang='lat' dir='ltr'>sit</span> <span class='ocrx_word' id='word_1_57' title='bbox 606 1079 669 1116; x_wconf 91' lang='lat' dir='ltr'>hic</span> <span class='ocrx_word' id='word_1_58' title='bbox 700 1086 809 1117; x_wconf 88' lang='lat' dir='ltr'>natus</span> <span class='ocrx_word' id='word_1_59' title='bbox 838 1080 950 1117; x_wconf 91' lang='lat' dir='ltr'>modo</span> <span class='ocrx_word' id='word_1_60' title='bbox 984 1084 1060 1116; x_wconf 88' lang='lat' dir='ltr'>tam</span> <span class='ocrx_word' id='word_1_61' title='bbox 1091 1080 1275 1127; x_wconf 89' lang='lat' dir='ltr'>probatus</span> 
     </span>
     <span class='ocr_line' id='line_1_15' title="bbox 532 1136 922 1175; baseline 0.005 -2"><span class='ocrx_word' id='word_1_62' title='bbox 532 1136 614 1173; x_wconf 84' lang='lat' dir='ltr'>Rex</span> <span class='ocrx_word' id='word_1_63' title='bbox 645 1136 922 1175; x_wconf 83' lang='lat' dir='ltr'>Hebraeorum.</span> 
     </span>
    </p>
   </div>
   <div class='ocr_carea' id='block_1_10' title="bbox 361 1244 1202 1293">
    <p class='ocr_par' dir='ltr' id='par_1_10' title="bbox 361 1244 1202 1293">
     <span class='ocr_line' id='line_1_16' title="bbox 361 1244 1202 1293; baseline 0 -11"><span class='ocrx_word' id='word_1_64' title='bbox 361 1275 368 1282; x_wconf 94' lang='lat'>.</span> <span class='ocrx_word' id='word_1_65' title='bbox 417 1244 590 1281; x_wconf 86' lang='lat' dir='ltr'>Vidimus</span> <span class='ocrx_word' id='word_1_66' title='bbox 622 1255 770 1290; x_wconf 90' lang='lat' dir='ltr'>mempe</span> <span class='ocrx_word' id='word_1_67' title='bbox 801 1255 917 1293; x_wconf 84' lang='lat' dir='ltr'>super</span> <span class='ocrx_word' id='word_1_68' title='bbox 947 1245 1018 1281; x_wconf 89' lang='lat' dir='ltr'>hoc</span> <span class='ocrx_word' id='word_1_69' title='bbox 1047 1249 1202 1291; x_wconf 88' lang='lat' dir='ltr'>potente</span> 
     </span>
    </p>
   </div>
   <div class='ocr_carea' id='block_1_11' title="bbox 416 1300 1112 1453">
    <p class='ocr_par' dir='ltr' id='par_1_11' title="bbox 416 1300 1112 1453">
     <span class='ocr_line' id='line_1_17' title="bbox 416 1300 978 1350; baseline 0.002 -13"><span class='ocrx_word' id='word_1_70' title='bbox 416 1300 562 1338; x_wconf 89' lang='lat' dir='ltr'>Sideris</span> <span class='ocrx_word' id='word_1_71' title='bbox 593 1301 678 1338; x_wconf 89' lang='lat' dir='ltr'>miri</span> <span class='ocrx_word' id='word_1_72' title='bbox 711 1302 839 1338; x_wconf 85' lang='lat' dir='ltr'>radios</span> <span class='ocrx_word' id='word_1_73' title='bbox 871 1301 978 1350; x_wconf 84' lang='lat' dir='ltr'>oriri,</span> 
     </span>
     <span class='ocr_line' id='line_1_18' title="bbox 416 1358 1112 1404; baseline 0.001 -10"><span class='ocrx_word' id='word_1_74' title='bbox 416 1358 529 1395; x_wconf 83' lang='lat' dir='ltr'>Hunc</span> <span class='ocrx_word' id='word_1_75' title='bbox 560 1362 598 1394; x_wconf 91' lang='lat' dir='ltr'>ut</span> <span class='ocrx_word' id='word_1_76' title='bbox 630 1368 791 1404; x_wconf 86' lang='lat' dir='ltr'>oremus,</span> <span class='ocrx_word' id='word_1_77' title='bbox 823 1359 910 1395; x_wconf 92' lang='lat' dir='ltr'>ideo</span> <span class='ocrx_word' id='word_1_78' title='bbox 942 1358 1112 1395; x_wconf 86' lang='lat' dir='ltr'>venimus</span> 
     </span>
     <span class='ocr_line' id='line_1_19' title="bbox 533 1415 834 1453; baseline 0.003 -2"><span class='ocrx_word' id='word_1_79' title='bbox 533 1415 708 1452; x_wconf 89' lang='lat' dir='ltr'>Partibus</span> <span class='ocrx_word' id='word_1_80' title='bbox 739 1415 834 1453; x_wconf 88' lang='lat' dir='ltr'>istis.</span> 
     </span>
    </p>
   </div>
   <div class='ocr_carea' id='block_1_12' title="bbox 367 1523 1264 1563">
    <p class='ocr_par' dir='ltr' id='par_1_12' title="bbox 367 1523 1264 1563">
     <span class='ocr_line' id='line_1_20' title="bbox 367 1523 1264 1563; baseline 0.001 -3"><span class='ocrx_word' id='word_1_81' title='bbox 367 1556 375 1563; x_wconf 90' lang='lat'>.</span> <span class='ocrx_word' id='word_1_82' title='bbox 422 1523 542 1560; x_wconf 88' lang='lat' dir='ltr'>Audit</span> <span class='ocrx_word' id='word_1_83' title='bbox 574 1523 668 1559; x_wconf 88' lang='lat' dir='ltr'>haec</span> <span class='ocrx_word' id='word_1_84' title='bbox 698 1530 864 1561; x_wconf 89' lang='lat' dir='ltr'>maestus</span> <span class='ocrx_word' id='word_1_85' title='bbox 895 1524 1049 1560; x_wconf 90' lang='lat' dir='ltr'>nimium</span> <span class='ocrx_word' id='word_1_86' title='bbox 1082 1525 1264 1562; x_wconf 86' lang='lat' dir='ltr'>scelestus</span> 
     </span>
    </p>
   </div>
   <div class='ocr_carea' id='block_1_13' title="bbox 419 1581 1119 1733">
    <p class='ocr_par' dir='ltr' id='par_1_13' title="bbox 419 1581 1119 1733">
     <span class='ocr_line' id='line_1_21' title="bbox 419 1581 1119 1627; baseline 0.001 -11"><span class='ocrx_word' id='word_1_87' title='bbox 419 1581 546 1626; x_wconf 86' lang='lat' dir='ltr'>Atque</span> <span class='ocrx_word' id='word_1_88' title='bbox 578 1590 658 1616; x_wconf 89' lang='lat' dir='ltr'>cum</span> <span class='ocrx_word' id='word_1_89' title='bbox 692 1581 780 1617; x_wconf 89' lang='lat' dir='ltr'>totis</span> <span class='ocrx_word' id='word_1_90' title='bbox 813 1581 1119 1627; x_wconf 70' lang='lat' dir='ltr'>Hierosolymitis</span> 
     </span>
     <span class='ocr_line' id='line_1_22' title="bbox 419 1637 1034 1684; baseline 0 -10"><span class='ocrx_word' id='word_1_91' title='bbox 419 1637 568 1674; x_wconf 83' lang='lat' dir='ltr'>Anxius</span> <span class='ocrx_word' id='word_1_92' title='bbox 601 1647 691 1673; x_wconf 88' lang='lat' dir='ltr'>cura</span> <span class='ocrx_word' id='word_1_93' title='bbox 723 1638 872 1684; x_wconf 79' lang='lat' dir='ltr'>capitur</span> <span class='ocrx_word' id='word_1_94' title='bbox 903 1639 1034 1675; x_wconf 88' lang='lat' dir='ltr'>dolosa</span> 
     </span>
     <span class='ocr_line' id='line_1_23' title="bbox 531 1693 878 1733; baseline 0.006 -3"><span class='ocrx_word' id='word_1_95' title='bbox 531 1693 661 1730; x_wconf 88' lang='lat' dir='ltr'>Hostis</span> <span class='ocrx_word' id='word_1_96' title='bbox 693 1694 878 1733; x_wconf 68' lang='lat' dir='ltr'>Herodes</span> 
     </span>
    </p>
   </div>
   <div class='ocr_carea' id='block_1_14' title="bbox 364 1801 1242 2010">
    <p class='ocr_par' dir='ltr' id='par_1_14' title="bbox 364 1801 1220 1850">
     <span class='ocr_line' id='line_1_24' title="bbox 364 1801 1220 1850; baseline -0.001 -10"><span class='ocrx_word' id='word_1_97' title='bbox 364 1833 371 1840; x_wconf 91' lang='lat'>.</span> <span class='ocrx_word' id='word_1_98' title='bbox 419 1801 471 1839; x_wconf 79' lang='lat' dir='ltr'>Et</span> <span class='ocrx_word' id='word_1_99' title='bbox 501 1812 640 1839; x_wconf 83' lang='lat' dir='ltr'>vocans</span> <span class='ocrx_word' id='word_1_100' title='bbox 673 1806 826 1839; x_wconf 88' lang='lat' dir='ltr'>cunctos</span> <span class='ocrx_word' id='word_1_101' title='bbox 856 1803 987 1850; x_wconf 89' lang='lat' dir='ltr'>populi</span> <span class='ocrx_word' id='word_1_102' title='bbox 1019 1803 1220 1850; x_wconf 85' lang='lat' dir='ltr'>magistros</span> 
     </span>
    </p>

    <p class='ocr_par' dir='ltr' id='par_1_15' title="bbox 420 1858 1217 1907">
     <span class='ocr_line' id='line_1_25' title="bbox 420 1858 1217 1907; baseline 0.001 -12"><span class='ocrx_word' id='word_1_103' title='bbox 420 1858 709 1906; x_wconf 78' lang='lat' dir='ltr'>Sciscitabatur,</span> <span class='ocrx_word' id='word_1_104' title='bbox 743 1859 833 1906; x_wconf 92' lang='lat' dir='ltr'>quid</span> <span class='ocrx_word' id='word_1_105' title='bbox 866 1860 914 1897; x_wconf 86' lang='lat' dir='ltr'>ad</span> <span class='ocrx_word' id='word_1_106' title='bbox 946 1860 1040 1897; x_wconf 88' lang='lat' dir='ltr'>haec</span> <span class='ocrx_word' id='word_1_107' title='bbox 1071 1864 1217 1907; x_wconf 69' lang='lat' dir='ltr'>agatur,</span> 
     </span>
    </p>

    <p class='ocr_par' dir='ltr' id='par_1_16' title="bbox 419 1916 1242 2010">
     <span class='ocr_line' id='line_1_26' title="bbox 419 1916 1242 1965; baseline -0.001 -11"><span class='ocrx_word' id='word_1_108' title='bbox 419 1916 533 1954; x_wconf 91' lang='lat' dir='ltr'>Unde</span> <span class='ocrx_word' id='word_1_109' title='bbox 565 1916 614 1952; x_wconf 90' lang='lat' dir='ltr'>sit</span> <span class='ocrx_word' id='word_1_110' title='bbox 645 1916 830 1964; x_wconf 83' lang='lat' dir='ltr'>Christus,</span> <span class='ocrx_word' id='word_1_111' title='bbox 863 1916 927 1953; x_wconf 92' lang='lat' dir='ltr'>ubi</span> <span class='ocrx_word' id='word_1_112' title='bbox 959 1917 1100 1965; x_wconf 90' lang='lat' dir='ltr'>quippe</span> <span class='ocrx_word' id='word_1_113' title='bbox 1132 1921 1242 1953; x_wconf 88' lang='lat' dir='ltr'>natus</span> 
     </span>
     <span class='ocr_line' id='line_1_27' title="bbox 534 1973 766 2010; baseline -0.004 -1"><span class='ocrx_word' id='word_1_114' title='bbox 534 1973 766 2010; x_wconf 75' lang='lat' dir='ltr'>Inveniatur.</span> 
     </span>
    </p>
   </div>
   <div class='ocr_carea' id='block_1_15' title="bbox 367 2080 1322 2290">
    <p class='ocr_par' dir='ltr' id='par_1_17' title="bbox 367 2080 1322 2243">
     <span class='ocr_line' id='line_1_28' title="bbox 367 2080 1049 2127; baseline 0 -8"><span class='ocrx_word' id='word_1_115' title='bbox 367 2110 375 2119; x_wconf 96' lang='lat'>.</span> <span class='ocrx_word' id='word_1_116' title='bbox 421 2081 474 2118; x_wconf 88' lang='lat' dir='ltr'>At</span> <span class='ocrx_word' id='word_1_117' title='bbox 504 2080 679 2127; x_wconf 86' lang='lat' dir='ltr'>requisiti</span> <span class='ocrx_word' id='word_1_118' title='bbox 709 2081 763 2119; x_wconf 86' lang='lat' dir='ltr'>ita</span> <span class='ocrx_word' id='word_1_119' title='bbox 794 2085 880 2118; x_wconf 83' lang='lat' dir='ltr'>sunt</span> <span class='ocrx_word' id='word_1_120' title='bbox 910 2081 1049 2120; x_wconf 86' lang='lat' dir='ltr'>locuti:</span> 
     </span>
     <span class='ocr_line' id='line_1_29' title="bbox 419 2137 1322 2185; baseline -0.001 -10"><span class='ocrx_word' id='word_1_121' title='bbox 419 2137 642 2175; x_wconf 87' lang='lat' dir='ltr'>Bethlehem</span> <span class='ocrx_word' id='word_1_122' title='bbox 673 2143 839 2175; x_wconf 84' lang='lat' dir='ltr'>castrum</span> <span class='ocrx_word' id='word_1_123' title='bbox 867 2139 968 2185; x_wconf 84' lang='lat' dir='ltr'>parit</span> <span class='ocrx_word' id='word_1_124' title='bbox 999 2149 1087 2185; x_wconf 85' lang='lat' dir='ltr'>crgo</span> <span class='ocrx_word' id='word_1_125' title='bbox 1116 2138 1322 2183; x_wconf 85' lang='lat' dir='ltr'>Christum,</span> 
     </span>
     <span class='ocr_line' id='line_1_30' title="bbox 420 2195 1111 2243; baseline -0.003 -10"><span class='ocrx_word' id='word_1_126' title='bbox 420 2195 557 2241; x_wconf 88' lang='lat' dir='ltr'>Sicque</span> <span class='ocrx_word' id='word_1_127' title='bbox 587 2205 721 2232; x_wconf 78' lang='lat' dir='ltr'>revera</span> <span class='ocrx_word' id='word_1_128' title='bbox 752 2195 893 2243; x_wconf 86' lang='lat' dir='ltr'>legitur</span> <span class='ocrx_word' id='word_1_129' title='bbox 923 2195 1111 2242; x_wconf 88' lang='lat' dir='ltr'>propheta.</span> 
     </span>
    </p>

    <p class='ocr_par' dir='ltr' id='par_1_18' title="bbox 533 2252 875 2290">
     <span class='ocr_line' id='line_1_31' title="bbox 533 2252 875 2290; baseline 0.003 -2"><span class='ocrx_word' id='word_1_130' title='bbox 533 2252 633 2288; x_wconf 91' lang='lat' dir='ltr'>Hinc</span> <span class='ocrx_word' id='word_1_131' title='bbox 668 2252 875 2290; x_wconf 84' lang='lat' dir='ltr'>cecinisse:</span> 
     </span>
    </p>
   </div>
   <div class='ocr_carea' id='block_1_16' title="bbox 365 2353 1202 2403">
    <p class='ocr_par' dir='ltr' id='par_1_19' title="bbox 365 2353 1202 2403">
     <span class='ocr_line' id='line_1_32' title="bbox 365 2353 1202 2403; baseline -0.005 -10"><span class='ocrx_word' id='word_1_132' title='bbox 365 2384 374 2393; x_wconf 91' lang='lat'>.</span> <span class='ocrx_word' id='word_1_133' title='bbox 421 2354 644 2391; x_wconf 87' lang='lat' dir='ltr'>Bethlehem</span> <span class='ocrx_word' id='word_1_134' title='bbox 677 2354 785 2403; x_wconf 81' lang='lat' dir='ltr'>Iuda,</span> <span class='ocrx_word' id='word_1_135' title='bbox 820 2354 894 2390; x_wconf 86' lang='lat' dir='ltr'>eris</span> <span class='ocrx_word' id='word_1_136' title='bbox 926 2354 1027 2391; x_wconf 89' lang='lat' dir='ltr'>haud</span> <span class='ocrx_word' id='word_1_137' title='bbox 1058 2353 1202 2390; x_wconf 90' lang='lat' dir='ltr'>minuta</span> 
     </span>
    </p>
   </div>
   <div class='ocr_carea' id='block_1_17' title="bbox 420 2409 1172 2571">
    <p class='ocr_par' dir='ltr' id='par_1_20' title="bbox 420 2409 1172 2571">
     <span class='ocr_line' id='line_1_33' title="bbox 420 2409 1140 2460; baseline 0.001 -14"><span class='ocrx_word' id='word_1_138' title='bbox 420 2411 526 2447; x_wconf 87' lang='lat' dir='ltr'>Inter</span> <span class='ocrx_word' id='word_1_139' title='bbox 556 2409 690 2447; x_wconf 84' lang='lat' dir='ltr'>affines</span> <span class='ocrx_word' id='word_1_140' title='bbox 723 2421 921 2457; x_wconf 86' lang='lat' dir='ltr'>procerum</span> <span class='ocrx_word' id='word_1_141' title='bbox 955 2411 1140 2460; x_wconf 80' lang='lat' dir='ltr'>cohortes,</span> 
     </span>
     <span class='ocr_line' id='line_1_34' title="bbox 420 2467 1172 2515; baseline 0 -11"><span class='ocrx_word' id='word_1_142' title='bbox 420 2467 537 2505; x_wconf 85' lang='lat' dir='ltr'>Exiet</span> <span class='ocrx_word' id='word_1_143' title='bbox 569 2477 727 2514; x_wconf 84' lang='lat' dir='ltr'>namque</span> <span class='ocrx_word' id='word_1_144' title='bbox 757 2478 875 2504; x_wconf 86' lang='lat' dir='ltr'>novus</span> <span class='ocrx_word' id='word_1_145' title='bbox 907 2471 1040 2504; x_wconf 81' lang='lat' dir='ltr'>auctor</span> <span class='ocrx_word' id='word_1_146' title='bbox 1070 2478 1093 2504; x_wconf 90' lang='lat' dir='ltr'>a</span> <span class='ocrx_word' id='word_1_147' title='bbox 1122 2471 1172 2515; x_wconf 76' lang='lat' dir='ltr'>te,</span> 
     </span>
     <span class='ocr_line' id='line_1_35' title="bbox 538 2524 920 2571; baseline 0 -10"><span class='ocrx_word' id='word_1_148' title='bbox 538 2524 610 2570; x_wconf 78' lang='lat' dir='ltr'>Qui</span> <span class='ocrx_word' id='word_1_149' title='bbox 640 2529 748 2571; x_wconf 85' lang='lat' dir='ltr'>regat</span> <span class='ocrx_word' id='word_1_150' title='bbox 778 2535 920 2562; x_wconf 82' lang='lat' dir='ltr'>omnes,</span> 
     </span>
    </p>
   </div>
   <div class='ocr_carea' id='block_1_18' title="bbox 341 2626 1139 2673">
    <p class='ocr_par' dir='ltr' id='par_1_21' title="bbox 341 2626 1139 2673">
     <span class='ocr_line' id='line_1_36' title="bbox 341 2626 1139 2673; baseline -0.004 -7"><span class='ocrx_word' id='word_1_151' title='bbox 341 2656 375 2666; x_wconf 39' lang='grc' dir='ltr'>ι.</span> <span class='ocrx_word' id='word_1_152' title='bbox 425 2626 532 2663; x_wconf 89' lang='lat' dir='ltr'>Tunc</span> <span class='ocrx_word' id='word_1_153' title='bbox 562 2626 681 2672; x_wconf 84' lang='lat' dir='ltr'>magis</span> <span class='ocrx_word' id='word_1_154' title='bbox 712 2626 789 2664; x_wconf 90' lang='lat' dir='ltr'>illis</span> <span class='ocrx_word' id='word_1_155' title='bbox 820 2626 965 2673; x_wconf 85' lang='lat' dir='ltr'>pariter</span> <span class='ocrx_word' id='word_1_156' title='bbox 994 2627 1139 2664; x_wconf 89' lang='lat' dir='ltr'>vocatis</span> 
     </span>
    </p>
   </div>
   <div class='ocr_carea' id='block_1_19' title="bbox 421 2683 1288 2842">
    <p class='ocr_par' dir='ltr' id='par_1_22' title="bbox 421 2683 1288 2842">
     <span class='ocr_line' id='line_1_37' title="bbox 423 2683 1078 2730; baseline 0 -9"><span class='ocrx_word' id='word_1_157' title='bbox 423 2683 558 2730; x_wconf 83' lang='lat' dir='ltr'>Coepit</span> <span class='ocrx_word' id='word_1_158' title='bbox 591 2683 738 2719; x_wconf 81' lang='lat' dir='ltr'>occulte</span> <span class='ocrx_word' id='word_1_159' title='bbox 769 2683 816 2720; x_wconf 78' lang='lat' dir='ltr'>ab</span> <span class='ocrx_word' id='word_1_160' title='bbox 849 2684 902 2720; x_wconf 88' lang='lat' dir='ltr'>eis</span> <span class='ocrx_word' id='word_1_161' title='bbox 933 2687 1078 2730; x_wconf 80' lang='lat' dir='ltr'>notare⁷</span> 
     </span>
     <span class='ocr_line' id='line_1_38' title="bbox 421 2739 1288 2786; baseline 0 -10"><span class='ocrx_word' id='word_1_162' title='bbox 421 2740 581 2786; x_wconf 78' lang='lat' dir='ltr'>Quando</span> <span class='ocrx_word' id='word_1_163' title='bbox 614 2739 851 2786; x_wconf 85' lang='lat' dir='ltr'>praedictum</span> <span class='ocrx_word' id='word_1_164' title='bbox 882 2739 993 2777; x_wconf 87' lang='lat' dir='ltr'>iubar</span> <span class='ocrx_word' id='word_1_165' title='bbox 1024 2744 1124 2778; x_wconf 88' lang='lat' dir='ltr'>esset</span> <span class='ocrx_word' id='word_1_166' title='bbox 1151 2745 1288 2785; x_wconf 75' lang='lat' dir='ltr'>ortum,</span> 
     </span>
     <span class='ocr_line' id='line_1_39' title="bbox 474 2795 902 2842; baseline 0 -9"><span class='ocrx_word' id='word_1_167' title='bbox 474 2814 478 2816; x_wconf 85' lang='lat'><em>-</em></span> <span class='ocrx_word' id='word_1_168' title='bbox 539 2797 647 2842; x_wconf 83' lang='lat' dir='ltr'>Quod</span> <span class='ocrx_word' id='word_1_169' title='bbox 678 2796 750 2833; x_wconf 91' lang='lat' dir='ltr'>sibi</span> <span class='ocrx_word' id='word_1_170' title='bbox 783 2795 902 2834; x_wconf 85' lang='lat' dir='ltr'>fulsit.</span> 
     </span>
    </p>
   </div>
   <div class='ocr_carea' id='block_1_20' title="bbox 1323 2860 1400 2894">
    <p class='ocr_par' dir='ltr' id='par_1_23' title="bbox 1323 2860 1400 2894">
     <span class='ocr_line' id='line_1_40' title="bbox 1323 2860 1400 2894; baseline 0.013 -1"><span class='ocrx_word' id='word_1_171' title='bbox 1323 2860 1400 2894; x_wconf 77' lang='lat'>21*</span> 
     </span>
    </p>
   </div>
  </div>
 </body>
</html>
