1785 3111
717 57 1027 98 —111—

130 175 167 211 5.
200 172 318 209 Beata
348 172 454 209 cuius
484 172 603 210 ubera
920 174 984 211 11.
1018 173 1133 211 Cuius
1165 173 1267 220 pium
1299 174 1523 220 pertransiit

200 230 352 267 Summo
382 229 529 275 repleta
560 239 715 266 munere
1016 230 1131 267 Ensis
1165 230 1307 268 doloris
1338 231 1528 278 spiritum,

199 285 329 322 Terris
359 285 511 322 alebant
539 286 687 323 unicam
1016 287 1155 324 Natum
1188 290 1251 324 tuo
1285 287 1521 334 decorpore

198 342 342 379 Terrae
373 342 527 389 polique
557 343 729 390 gloriam.
1014 344 1135 380 Deum
1165 345 1260 381 mori
1293 355 1376 381 cum
1408 354 1595 383 cernereS.

131 458 167 495 6.
199 455 356 493 Festiva
386 456 480 503 legis
512 466 608 502 quae
639 456 758 493 sacris
923 458 987 495 12.
1019 457 1138 503 Quam
1170 456 1249 495 filio
1280 458 1438 495 tonitrui

198 513 261 550 Ad
293 512 372 549 alta
402 513 535 559 templi
567 513 697 551 limina
1021 514 1153 551 Crucis
1187 520 1322 552 tonans
1355 515 1402 551 de
1435 515 1577 552 vertice

202 569 385 607 Caelestis
417 571 525 606 aulae
556 570 766 617 principem
1020 570 1267 608 Commendat
1306 577 1439 608 auctor
1472 572 1649 622 aetheris,

199 626 311 665 Ulnis
342 627 465 664 tulisti
499 627 683 666 dulcibus.
1019 627 1071 665 Ut
1102 628 1208 675 virgo
1240 633 1366 666 servet
1396 629 1594 676 virginem.

134 741 169 779 7.
202 739 316 777 Cuius
348 741 433 777 sinu
463 740 537 777 iam
569 740 770 786 parvulum
915 740 978 778 13.
1010 739 1101 777 Nati
1134 740 1282 787 Deique
1312 742 1387 778 iam
1420 742 1474 779 tui

197 797 302 844 Magi
333 797 506 834 videntes
539 797 732 833 conditum
1011 798 1114 844 Quae
1146 798 1271 836 cernis
1301 799 1400 836 almo
1433 799 1574 836 lumine

195 853 337 900 Regem
368 853 564 900 Deumque
595 854 797 890 maximum
1013 853 1103 890 Post
1135 854 1219 892 dira
1251 857 1384 892 mortis
1416 856 1568 893 vincula

198 911 302 947 Votis
333 915 540 958 precantur
570 911 746 947 redditis.
1013 911 1243 948 Resuscitati
1276 912 1447 959 gloriam.

127 1025 165 1063 8.
198 1023 390 1062 Christum
428 1022 553 1061 ferens
584 1023 825 1070 Memphitioi
913 1025 978 1062 14.
1010 1025 1151 1061 Lucem
1183 1025 1264 1071 poli
1292 1037 1387 1073 quae
1419 1026 1606 1073 conspicis

193 1082 296 1128 Quae
327 1091 437 1118 sacra
467 1084 619 1118 vertens
646 1080 824 1130 numinis,
1011 1082 1133 1118 Adire
1165 1082 1286 1129 patris
1319 1083 1530 1130 dexteram,

192 1137 389 1185 Deumque
421 1143 578 1175 cernunt
610 1137 743 1188 exteri,
1012 1139 1130 1184 Quam
1164 1139 1287 1185 prima
1318 1141 1439 1188 patris
1473 1140 1519 1177 de
1551 1141 1635 1185 sinu

193 1194 342 1242 Fugant
374 1195 431 1232 sui
462 1205 571 1242 quem
603 1195 739 1242 patria.
1011 1195 1150 1233 Terras
1182 1196 1290 1233 adire
1321 1197 1485 1236 videras.

126 1309 161 1347 9.
193 1308 296 1354 Quae
326 1313 471 1347 maesta
491 1309 623 1346 mundi
645 1309 824 1355 gaudium
914 1309 977 1347 15.
1011 1309 1192 1346 Sublimis
1224 1310 1325 1346 inter
1355 1310 1559 1357 splendida

196 1365 289 1403 Cum
322 1369 431 1413 patre
462 1366 601 1412 Ioseph
632 1366 824 1412 quaeritas
1009 1367 1281 1412 Apostolorum
1313 1367 1441 1404 sidera

195 1420 414 1470 Summique
445 1422 565 1470 patris
595 1422 755 1460 aedibus
1011 1423 1186 1460 Flamma
1217 1424 1390 1471 sacrique
1420 1425 1577 1471 spiritus

195 1479 320 1517 Ovans
351 1480 545 1517 sedentem
577 1480 763 1526 repperis.
1012 1481 1176 1527 Impleta
1206 1481 1339 1518 laudes
1372 1481 1553 1519 concinis.

101 1593 165 1632 10.
199 1593 312 1631 Cuius
343 1597 477 1641 rogatu
507 1593 687 1641 mysticas
918 1594 983 1632 16.
1014 1594 1198 1640 Laudem,
1223 1594 1304 1631 Deo
1325 1606 1435 1641 quam
1459 1595 1652 1643 supplices

196 1649 370 1688 Christus
401 1651 537 1688 sedens
569 1651 618 1688 ad
650 1650 802 1697 nuptias
1016 1651 1168 1688 Christo
1201 1658 1378 1689 canentes
1409 1652 1620 1703 reddimus,

195 1708 326 1754 Aquas
356 1707 396 1744 in
426 1707 526 1745 alma
556 1707 753 1744 transtulit
1017 1708 1160 1745 Christi
1191 1709 1376 1755 genetrix,
1409 1713 1446 1745 et
1478 1713 1543 1747 tua

197 1764 285 1801 Vini
315 1763 487 1801 rubentis
520 1764 667 1811 pocula.
1014 1766 1263 1802 Commendet
1292 1766 1530 1804 intercessio.

484 1878 547 1916 17.
578 1878 750 1924 Hymnos
782 1888 914 1915 sacrae
945 1889 1037 1924 quos
1067 1878 1206 1926 virgini

577 1934 772 1981 Matrique
803 1938 931 1972 castae
963 1935 1136 1983 dicimus,

577 1991 818 2038 Emmanuel,
851 1995 891 2028 tu
922 1993 1072 2038 suscipe

578 2048 773 2095 Tuamque
803 2048 954 2095 plebem
986 2049 1120 2088 libera.

174 2182 369 2215 Cassander
405 2183 429 2216 l.
467 2194 494 2215 c.
533 2194 564 2225 p.
603 2180 669 2214 293
706 2194 780 2225 sqq.
816 2200 858 2204 —
893 2183 960 2215 Str.
997 2181 1013 2214 1
1049 2183 1119 2214 und
1156 2181 1176 2214 2
1214 2183 1303 2215 auch
1340 2184 1377 2215 in
1408 2183 1552 2215 Collect.
1589 2194 1652 2216 ms.

81 2229 117 2262 S.
142 2228 327 2260 Michaelis
353 2229 582 2271 Bambergen.
616 2238 705 2260 saec.
735 2226 822 2260 ¹⁰l11.
873 2228 956 2260 Cod.
981 2229 1212 2271 Bambergen.
1239 2231 1267 2261 B
1292 2230 1327 2261 II
1354 2226 1395 2261 10
1426 2229 1474 2269 (in
1499 2229 1651 2261 Alkuins

80 2274 229 2306 Traktat
254 2274 329 2316 „De
352 2275 455 2306 laude
481 2272 593 2315 Dei“).

468 2442 526 2479 89.
565 2443 644 2484 (11.)
681 2443 725 2476 In
752 2442 890 2478 Natali
916 2442 1047 2478 sancti
1072 2443 1270 2479 Andreae.

681 2513 882 2554 Hymnus
916 2514 1051 2554 prior.

133 2616 168 2653 1.
200 2615 312 2652 Nunc
339 2616 519 2653 Andreae
550 2616 750 2654 sollemnia
949 2618 987 2655 2.
1019 2616 1135 2662 Quem
1169 2616 1337 2663 piscibus
1368 2627 1437 2663 per
1467 2615 1623 2652 turbida

203 2672 332 2709 Laetis
365 2683 542 2710 canamus
574 2673 777 2722 mentibus,
1020 2673 1119 2710 Dum
1149 2678 1230 2710 rete
1260 2674 1379 2710 nectit
1408 2683 1584 2718 aequora,

200 2729 460 2781 Apostolatus'
480 2730 641 2776 gloriam
1021 2730 1194 2768 Christus
1226 2730 1375 2767 vocavit
1407 2740 1490 2765 cum
1521 2728 1598 2764 suis

202 2785 273 2830 Qui
290 2790 399 2823 ornat
416 2787 608 2833 triumpho
629 2786 835 2834 sanguinis.
1020 2787 1083 2824 Ad
1116 2797 1233 2834 regna
1266 2786 1359 2823 caeli
1389 2784 1571 2822 fratribus
