1785 3111
739 94 906 134 -76

189 207 252 239 KG
287 207 418 239 ordnen
448 206 504 238 die
528 207 637 237 Verse
662 206 728 237 wie
753 206 857 247 folgt:
895 205 909 237 1
940 206 993 237 bis
1018 204 1057 242 43
1091 204 1111 238 9
1136 206 1192 238 bis
1220 204 1279 243 14;
1313 204 1343 244 7,
1369 203 1401 244 8,
1428 204 1459 244 5,
1484 204 1515 245 6,
1544 204 1584 238 15
1609 207 1664 239 bis

103 250 153 284 18.
180 269 225 273 ——
248 252 347 285 Nach
373 254 440 285 Str.
469 249 509 283 18
534 251 622 292 folgt
646 251 735 282 noch
760 253 880 283 weiter
904 253 941 283 in
966 253 1010 283 B:

372 343 521 374 Tartara
547 342 657 373 fracta
681 343 732 373 tui
759 346 839 373 sunt
863 343 1010 379 viribus,
1038 345 1143 384 atque
1168 342 1329 374 draconis

416 387 590 419 Faucibus
617 388 727 428 erepti
753 389 947 429 pangimus,
975 398 1062 423 ecce,
1089 389 1165 420 tibi.

372 434 559 465 Libertatis
586 443 685 474 opem
711 434 867 474 capimus
893 433 1077 464 temnendo
1102 436 1299 474 tyrannum,

416 479 495 510 Iure
521 481 580 509 tuo
606 478 711 509 fultos
738 479 853 510 iacula
877 478 975 509 nulla
1000 482 1135 510 nocent.

372 524 485 555 Arbor
510 533 630 554 amara
654 524 720 554 fuit
745 525 901 561 nimium,
929 525 1012 564 quia
1036 526 1175 565 gutture
1200 523 1319 555 clauso

417 570 547 600 Nectus
573 569 614 600 ad
641 570 712 599 ima
739 571 808 600 ruit
833 570 964 610 primus
990 571 1026 600 in
1052 569 1134 600 orbe
1160 579 1297 610 parens.

372 614 494 645 Dulcis
521 614 643 646 adesse
669 615 754 645 satis
780 616 995 656 nimiumque
1023 615 1142 646 suavis
1167 614 1310 646 alumna

419 659 577 691 Crederis
603 663 707 700 atque
734 661 803 691 tuis
829 659 1083 701 vivificansque
1109 660 1214 691 salus.

372 705 552 747 Romphea
578 708 672 736 mota
696 707 768 741 (tuo
795 707 908 746 patuit
932 706 1109 736 iuvamine
1133 704 1239 743 vitae)

418 750 483 782 Est
508 754 542 781 et
566 754 648 782 tunc
673 751 746 789 leti,
772 750 853 781 hinc
878 752 969 791 perit
993 755 1097 792 atque
1122 751 1220 792 fugit.

373 797 488 837 Impia
513 806 621 837 regna
650 796 780 833 vident,
807 796 932 837 pavido
959 800 1088 827 terrore
1114 799 1334 833 tremescunt,

420 842 516 880 Cum,
544 852 646 883 quem
672 844 708 873 tu
734 841 875 879 tuleras,
903 841 1032 882 palluit
1055 845 1160 883 atque
1184 840 1302 872 chaos.

374 887 512 918 Gaudia
538 897 665 928 magna
689 889 817 925 tenent,
844 887 982 918 fuerant
1005 888 1064 928 qui
1091 887 1208 918 vincla
1235 886 1389 918 barathri

420 933 579 972 Perpessi
605 933 772 970 trucibus,
799 943 939 963 munere
965 936 1142 974 perpetuo.

372 978 468 1009 Mors
494 977 681 1009 maledicta
705 979 803 1019 cupit
828 978 907 1008 dum
934 988 995 1019 per
1019 981 1053 1009 te
1079 978 1220 1019 perdere
1248 978 1358 1009 vitam

420 1023 533 1064 Seque
560 1024 693 1064 perisse
717 1023 822 1060 dolet,
847 1024 922 1054 vita
950 1023 1120 1055 manendo
1146 1025 1250 1064 viget.

374 1068 481 1101 Nulla
506 1070 576 1100 tuis
605 1069 738 1100 meritis
764 1069 869 1100 arbor
893 1068 1068 1100 confertur
1094 1070 1221 1110 opima,

421 1115 486 1146 Cui
511 1114 615 1146 decus
642 1124 660 1145 e
686 1115 827 1155 proprio
856 1114 1007 1155 pondere
1033 1115 1161 1155 quippe
1187 1117 1312 1145 manet.

374 1160 451 1198 Quo
477 1160 647 1201 pendente
673 1170 776 1199 super
800 1163 833 1190 te
858 1163 1052 1190 monstrant
1077 1160 1192 1190 saecla
1216 1159 1398 1201 lugubrem

421 1204 554 1236 Cuncta
578 1206 679 1242 diem7
705 1206 819 1236 noctis
843 1206 958 1236 texuit
981 1206 1016 1236 in
1042 1205 1204 1245 speciem.

375 1251 470 1281 Mors
497 1252 640 1282 inimica
666 1252 744 1288 ruit,
772 1261 928 1291 surgens,
954 1261 1007 1288 en,
1033 1252 1107 1281 vita
1132 1251 1245 1285 beata,

420 1296 474 1327 Tu
499 1296 697 1327 veneranda
723 1297 842 1334 micas,
868 1299 903 1327 tu
930 1295 1057 1326 mundi„
1076 1300 1211 1337 sceptra
1237 1299 1345 1327 tenes.

375 1341 450 1372 Ista
475 1352 577 1382 super
603 1341 705 1372 titulo
732 1342 917 1382 splendens
943 1341 1104 1372 tenebras
1130 1341 1301 1383 repulisti,

422 1387 602 1418 Laudibus
629 1387 708 1417 inde
735 1388 805 1417 tuis
833 1388 1026 1428 pangimus,
1053 1397 1141 1424 ecce⁷
1169 1387 1287 1418 melos.

378 1430 493 1470 Salve,
520 1442 608 1471 quae
635 1432 787 1463 brachiis
813 1432 940 1463 mundo
967 1432 1116 1473 perferre
1142 1432 1311 1463 medelam

424 1478 540 1518 Digna
565 1478 674 1511 fuisti,
700 1478 770 1509 tuis
796 1478 925 1519 gaudia
952 1488 1077 1518 magna
1103 1481 1253 1509 manent.

378 1522 483 1554 Plebs
510 1524 545 1554 in
572 1522 703 1554 honore
728 1525 779 1554 tui
806 1533 905 1554 sacro
931 1523 1166 1554 1n‹1›dulamine
1192 1522 1344 1564 plaudat,

425 1568 558 1599 Cuncta
585 1573 725 1599 caterva
751 1569 854 1599 simul
882 1572 1043 1610 personet
1068 1572 1171 1609 atque
1197 1569 1273 1599 tibi.

378 1614 507 1644 Nostra
533 1614 627 1645 salus
654 1624 786 1655 perpes,
813 1618 849 1645 tu
875 1615 1023 1645 crimina
1048 1614 1138 1654 pelle
1164 1613 1362 1655 redemptis,

424 1660 491 1690 Per
515 1663 547 1690 te
573 1660 679 1700 digna
704 1660 768 1690 tibi
794 1670 861 1701 quo
888 1659 1115 1690 modulemur.
1164 1660 1284 1690 Amen.

381 1704 504 1736 Gloria
530 1715 655 1747 magna
681 1706 765 1742 Deo,
792 1704 970 1745 magnalia
995 1709 1093 1735 tanta
1119 1706 1292 1746 patranti3

426 1750 493 1788 Qui
521 1754 592 1781 tam
618 1751 706 1781 mira
732 1750 824 1788 facit,
852 1750 964 1792 gloria
991 1760 1117 1791 magna
1142 1751 1234 1781 Deo!

202 1840 242 1870 In
269 1842 294 1871 C
321 1840 398 1871 sind
423 1840 479 1871 die
504 1842 613 1872 Verso
641 1839 670 1878 1,
696 1838 728 1879 2,
754 1839 784 1877 5.
812 1840 841 1876 (ἶ,
869 1839 899 1878 7,
926 1838 946 1872 S
972 1851 1035 1871 aus
1055 1841 1166 1871 Carm.
1192 1840 1214 1871 l.
1240 1841 1286 1872 II.
1313 1851 1345 1871 n.
1371 1838 1391 1871 3
1413 1840 1500 1872 ohne
1518 1839 1675 1872 Abstand

110 1894 157 1960 ΞΠ
182 1883 644 1963 {fler}qlngnizssgrescmossen·
671 1906 713 1909 -—
738 1888 805 1918 Die
832 1886 1054 1917 Collationen
1079 1886 1139 1917 der
1165 1886 1280 1928 liturg.
1309 1887 1390 1917 Hss.
1417 1885 1594 1917 verdanke
1620 1884 1674 1916 ich

1361 1985 1380 1997 Χ

416 2111 475 2146 69.
511 2111 570 2153 (4.)
605 2112 753 2147 Versus
779 2112 826 2146 de
852 2111 1166 2146 Resurrectione
1192 2110 1368 2145 Domini.

706 2194 818 2224 Carm.
846 2193 867 2224 l.
893 2194 955 2231 ΙΙΙ,
983 2204 1014 2224 n.
1041 2191 1071 2224 9.

342 2308 530 2354 Tempora
561 2306 738 2353 florigero
771 2307 929 2344 rutilant
960 2308 1140 2345 distincta
1170 2317 1302 2344 sereno

400 2364 450 2400 Et
480 2365 622 2401 maiore
653 2364 731 2411 poli
762 2364 902 2400 lumine
936 2368 1045 2410 porta
1077 2367 1194 2410 patet.

341 2420 467 2457 Altius
499 2421 727 2467 ignivomum
759 2421 874 2457 solem
908 2421 1003 2458 caeli
1035 2420 1159 2457 orbita
1191 2420 1306 2465 ducit,

398 2477 468 2523 Qui
499 2488 615 2524 vagus
647 2477 817 2514 Oceanus
846 2478 923 2514 exit
955 2481 992 2513 et
1021 2477 1140 2514 intrat
1170 2487 1300 2523 aquas,

269 2534 290 2569 5
344 2533 512 2570 Armatis
544 2534 663 2570 radiis
693 2534 879 2570 elementa
911 2534 1095 2580 liquentia
1125 2533 1292 2570 lustrans

400 2589 539 2626 Adhuc
569 2594 678 2626 nocte
711 2590 816 2627 brevi
848 2591 972 2627 tendit
1001 2590 1039 2626 in
1071 2589 1163 2626 orbe
1195 2589 1306 2629 diem.

350 2645 562 2692 Splendida
593 2647 780 2683 sincerum
812 2647 1028 2693 producunt
1057 2646 1212 2683 aethera
1244 2647 1400 2692 vultum,

404 2702 683 2749 Laetitianique
714 2714 819 2739 suam
849 2704 977 2740 sidera
1009 2703 1111 2739 clara
1141 2702 1318 2749 probant.

347 2759 467 2796 Terra
498 2757 629 2795 favens
661 2759 766 2796 vario
798 2758 923 2796 fundit
955 2760 1177 2796 munuscula
1208 2759 1321 2806 foetu,

243 2816 293 2854 10
403 2815 493 2853 Cum
525 2813 622 2852 bene
652 2816 825 2852 vernales
857 2816 1028 2853 reddidit
1057 2826 1177 2853 annus
1208 2825 1310 2862 opes,
