<?xml version="1.0" encoding="UTF-8"?>
<!DOCTYPE html PUBLIC "-//W3C//DTD XHTML 1.0 Transitional//EN"
    "http://www.w3.org/TR/xhtml1/DTD/xhtml1-transitional.dtd">
<html xmlns="http://www.w3.org/1999/xhtml" xml:lang="en" lang="en">
 <head>
  <title>
</title>
<meta http-equiv="Content-Type" content="text/html;charset=utf-8" />
  <meta name='ocr-system' content='tesseract 3.04.00' />
  <meta name='ocr-capabilities' content='ocr_page ocr_carea ocr_par ocr_line ocrx_word'/>
</head>
<body>
  <div class='ocr_page' id='page_1' title='image "./analectahymnicam50drevuoft/analectahymnicam50drevuoft_0068.png"; bbox 0 0 1785 3111; ppageno 0'>
   <div class='ocr_carea' id='block_1_1' title="bbox 768 76 1049 117">
    <p class='ocr_par' dir='ltr' id='par_1_1' title="bbox 768 76 1049 117">
     <span class='ocr_line' id='line_1_1' title="bbox 768 76 1049 117; baseline 0 -14"><span class='ocrx_word' id='word_1_1' title='bbox 768 76 1049 117; x_wconf 68' lang='lat'>-55—</span> 
     </span>
    </p>
   </div>
   <div class='ocr_carea' id='block_1_2' title="bbox 323 189 1378 286">
    <p class='ocr_par' dir='ltr' id='par_1_2' title="bbox 323 189 1378 286">
     <span class='ocr_line' id='line_1_2' title="bbox 323 189 1378 235; baseline -0.004 -5"><span class='ocrx_word' id='word_1_2' title='bbox 323 192 389 230; x_wconf 83' lang='lat'>39.</span> <span class='ocrx_word' id='word_1_3' title='bbox 422 191 562 229; x_wconf 88' lang='lat' dir='ltr'>Libera</span> <span class='ocrx_word' id='word_1_4' title='bbox 594 190 709 228; x_wconf 88' lang='lat' dir='ltr'>corda</span> <span class='ocrx_word' id='word_1_5' title='bbox 738 190 811 227; x_wconf 88' lang='lat' dir='ltr'>sibi</span> <span class='ocrx_word' id='word_1_6' title='bbox 842 189 988 227; x_wconf 86' lang='lat' dir='ltr'>facinus</span> <span class='ocrx_word' id='word_1_7' title='bbox 1021 190 1246 228; x_wconf 80' lang='lat' dir='ltr'>devinxerat</span> <span class='ocrx_word' id='word_1_8' title='bbox 1277 190 1378 235; x_wconf 88' lang='lat' dir='ltr'>olim,</span> 
     </span>
     <span class='ocr_line' id='line_1_3' title="bbox 479 246 1362 286; baseline 0 -2"><span class='ocrx_word' id='word_1_9' title='bbox 479 248 589 284; x_wconf 85' lang='lat' dir='ltr'>Nunc</span> <span class='ocrx_word' id='word_1_10' title='bbox 620 246 741 283; x_wconf 87' lang='lat' dir='ltr'>reficit</span> <span class='ocrx_word' id='word_1_11' title='bbox 774 246 946 284; x_wconf 86' lang='lat' dir='ltr'>Christus</span> <span class='ocrx_word' id='word_1_12' title='bbox 978 247 1100 284; x_wconf 88' lang='lat' dir='ltr'>libera</span> <span class='ocrx_word' id='word_1_13' title='bbox 1131 247 1246 284; x_wconf 83' lang='lat' dir='ltr'>corda</span> <span class='ocrx_word' id='word_1_14' title='bbox 1276 247 1362 286; x_wconf 91' lang='lat' dir='ltr'>sibi.</span> 
     </span>
    </p>
   </div>
   <div class='ocr_carea' id='block_1_3' title="bbox 326 337 1386 433">
    <p class='ocr_par' dir='ltr' id='par_1_3' title="bbox 326 337 1386 433">
     <span class='ocr_line' id='line_1_4' title="bbox 326 337 1386 386; baseline -0.003 -9"><span class='ocrx_word' id='word_1_15' title='bbox 326 340 393 377; x_wconf 87' lang='lat'>40.</span> <span class='ocrx_word' id='word_1_16' title='bbox 425 339 556 376; x_wconf 84' lang='lat' dir='ltr'>Fortia</span> <span class='ocrx_word' id='word_1_17' title='bbox 588 337 713 374; x_wconf 87' lang='lat' dir='ltr'>vincla</span> <span class='ocrx_word' id='word_1_18' title='bbox 745 337 850 374; x_wconf 85' lang='lat' dir='ltr'>dedit</span> <span class='ocrx_word' id='word_1_19' title='bbox 882 337 1029 383; x_wconf 86' lang='lat' dir='ltr'>peccati</span> <span class='ocrx_word' id='word_1_20' title='bbox 1059 348 1172 374; x_wconf 85' lang='lat' dir='ltr'>saeva</span> <span class='ocrx_word' id='word_1_21' title='bbox 1202 342 1386 386; x_wconf 84' lang='lat' dir='ltr'>potestas,</span> 
     </span>
     <span class='ocr_line' id='line_1_5' title="bbox 477 392 1373 433; baseline 0 -1"><span class='ocrx_word' id='word_1_22' title='bbox 477 394 609 432; x_wconf 88' lang='lat' dir='ltr'>Dulcis</span> <span class='ocrx_word' id='word_1_23' title='bbox 639 405 744 431; x_wconf 90' lang='lat' dir='ltr'>amor</span> <span class='ocrx_word' id='word_1_24' title='bbox 776 394 919 431; x_wconf 83' lang='lat' dir='ltr'>Christi</span> <span class='ocrx_word' id='word_1_25' title='bbox 951 392 1065 430; x_wconf 84' lang='lat' dir='ltr'>fortia</span> <span class='ocrx_word' id='word_1_26' title='bbox 1098 394 1222 430; x_wconf 86' lang='lat' dir='ltr'>vincla</span> <span class='ocrx_word' id='word_1_27' title='bbox 1255 394 1373 433; x_wconf 83' lang='lat' dir='ltr'><strong>dedit.</strong></span> 
     </span>
    </p>
   </div>
   <div class='ocr_carea' id='block_1_4' title="bbox 325 484 1502 588">
    <p class='ocr_par' dir='ltr' id='par_1_4' title="bbox 325 484 1502 588">
     <span class='ocr_line' id='line_1_6' title="bbox 325 484 1502 531; baseline -0.002 -8"><span class='ocrx_word' id='word_1_28' title='bbox 325 484 391 523; x_wconf 87' lang='lat'>41.</span> <span class='ocrx_word' id='word_1_29' title='bbox 424 486 502 522; x_wconf 86' lang='lat' dir='ltr'>Iam</span> <span class='ocrx_word' id='word_1_30' title='bbox 534 494 649 531; x_wconf 85' lang='lat' dir='ltr'>super</span> <span class='ocrx_word' id='word_1_31' title='bbox 678 488 782 521; x_wconf 85' lang='lat' dir='ltr'>astra</span> <span class='ocrx_word' id='word_1_32' title='bbox 813 484 943 526; x_wconf 81' lang='lat' dir='ltr'>sedet;</span> <span class='ocrx_word' id='word_1_33' title='bbox 973 485 1096 520; x_wconf 87' lang='lat' dir='ltr'>cuncti</span> <span class='ocrx_word' id='word_1_34' title='bbox 1129 485 1316 521; x_wconf 81' lang='lat' dir='ltr'>exsultate</span> <span class='ocrx_word' id='word_1_35' title='bbox 1347 484 1502 522; x_wconf 85' lang='lat' dir='ltr'>fideles!</span> 
     </span>
     <span class='ocr_line' id='line_1_7' title="bbox 479 541 1490 588; baseline 0.001 -10"><span class='ocrx_word' id='word_1_36' title='bbox 479 541 643 587; x_wconf 83' lang='lat' dir='ltr'>Perfide,</span> <span class='ocrx_word' id='word_1_37' title='bbox 675 541 767 588; x_wconf 82' lang='lat' dir='ltr'>quid</span> <span class='ocrx_word' id='word_1_38' title='bbox 799 541 953 579; x_wconf 67' lang='lat' dir='ltr'>saevis?</span> <span class='ocrx_word' id='word_1_39' title='bbox 984 541 1059 577; x_wconf 82' lang='lat' dir='ltr'>iam</span> <span class='ocrx_word' id='word_1_40' title='bbox 1090 551 1205 587; x_wconf 85' lang='lat' dir='ltr'>super</span> <span class='ocrx_word' id='word_1_41' title='bbox 1235 546 1339 578; x_wconf 83' lang='lat' dir='ltr'>astra</span> <span class='ocrx_word' id='word_1_42' title='bbox 1369 542 1490 580; x_wconf 87' lang='lat' dir='ltr'>sedet.</span> 
     </span>
    </p>
   </div>
   <div class='ocr_carea' id='block_1_5' title="bbox 328 631 1470 735">
    <p class='ocr_par' dir='ltr' id='par_1_5' title="bbox 328 631 1470 735">
     <span class='ocr_line' id='line_1_8' title="bbox 328 631 1470 678; baseline -0.003 -8"><span class='ocrx_word' id='word_1_43' title='bbox 328 634 395 670; x_wconf 88' lang='lat'>42.</span> <span class='ocrx_word' id='word_1_44' title='bbox 429 632 604 669; x_wconf 86' lang='lat' dir='ltr'><strong>Mortuus</strong></span> <span class='ocrx_word' id='word_1_45' title='bbox 629 632 695 668; x_wconf 93' lang='lat' dir='ltr'>ille</span> <span class='ocrx_word' id='word_1_46' title='bbox 725 635 844 678; x_wconf 83' lang='lat' dir='ltr'>tonat,</span> <span class='ocrx_word' id='word_1_47' title='bbox 878 631 1022 668; x_wconf 87' lang='lat' dir='ltr'>caelum</span> <span class='ocrx_word' id='word_1_48' title='bbox 1054 635 1271 678; x_wconf 88' lang='lat' dir='ltr'>terramque</span> <span class='ocrx_word' id='word_1_49' title='bbox 1301 631 1470 678; x_wconf 80' lang='lat' dir='ltr'>subegit3</span> 
     </span>
     <span class='ocr_line' id='line_1_9' title="bbox 474 687 1374 735; baseline -0.001 -10"><span class='ocrx_word' id='word_1_50' title='bbox 474 689 571 735; x_wconf 78' lang='lat' dir='ltr'>Quid</span> <span class='ocrx_word' id='word_1_51' title='bbox 605 687 744 725; x_wconf 84' lang='lat' dir='ltr'>facient</span> <span class='ocrx_word' id='word_1_52' title='bbox 775 687 928 724; x_wconf 77' lang='lat' dir='ltr'>hostes?</span> <span class='ocrx_word' id='word_1_53' title='bbox 961 693 1128 724; x_wconf 88' lang='lat' dir='ltr'>mortuus</span> <span class='ocrx_word' id='word_1_54' title='bbox 1159 687 1224 724; x_wconf 92' lang='lat' dir='ltr'>ille</span> <span class='ocrx_word' id='word_1_55' title='bbox 1255 692 1374 728; x_wconf 86' lang='lat' dir='ltr'>tonat.</span> 
     </span>
    </p>
   </div>
   <div class='ocr_carea' id='block_1_6' title="bbox 327 778 1420 883">
    <p class='ocr_par' dir='ltr' id='par_1_6' title="bbox 327 778 1420 883">
     <span class='ocr_line' id='line_1_10' title="bbox 327 778 1420 828; baseline -0.002 -10"><span class='ocrx_word' id='word_1_56' title='bbox 327 781 392 818; x_wconf 84' lang='lat'>43.</span> <span class='ocrx_word' id='word_1_57' title='bbox 426 780 589 818; x_wconf 82' lang='lat' dir='ltr'>Pellitur</span> <span class='ocrx_word' id='word_1_58' title='bbox 619 779 752 816; x_wconf 83' lang='lat' dir='ltr'>umbra</span> <span class='ocrx_word' id='word_1_59' title='bbox 786 779 858 828; x_wconf 89' lang='lat' dir='ltr'>die,</span> <span class='ocrx_word' id='word_1_60' title='bbox 893 779 1045 816; x_wconf 87' lang='lat' dir='ltr'>Christo</span> <span class='ocrx_word' id='word_1_61' title='bbox 1077 779 1250 815; x_wconf 88' lang='lat' dir='ltr'>veniente</span> <span class='ocrx_word' id='word_1_62' title='bbox 1280 778 1420 828; x_wconf 65' lang='lat' dir='ltr'>figura,</span> 
     </span>
     <span class='ocr_line' id='line_1_11' title="bbox 481 835 1401 883; baseline 0 -10"><span class='ocrx_word' id='word_1_63' title='bbox 481 836 656 873; x_wconf 87' lang='lat' dir='ltr'>Christus</span> <span class='ocrx_word' id='word_1_64' title='bbox 688 837 770 873; x_wconf 89' lang='lat' dir='ltr'>adit</span> <span class='ocrx_word' id='word_1_65' title='bbox 798 840 940 883; x_wconf 83' lang='lat' dir='ltr'>gentes,</span> <span class='ocrx_word' id='word_1_66' title='bbox 973 836 1131 882; x_wconf 80' lang='lat' dir='ltr'>pellitur</span> <span class='ocrx_word' id='word_1_67' title='bbox 1161 835 1296 873; x_wconf 82' lang='lat' dir='ltr'>umbra</span> <span class='ocrx_word' id='word_1_68' title='bbox 1328 836 1401 874; x_wconf 84' lang='lat' dir='ltr'>die.</span> 
     </span>
    </p>
   </div>
   <div class='ocr_carea' id='block_1_7' title="bbox 329 927 1528 1033">
    <p class='ocr_par' dir='ltr' id='par_1_7' title="bbox 329 927 1528 1033">
     <span class='ocr_line' id='line_1_12' title="bbox 329 927 1523 976; baseline -0.001 -11"><span class='ocrx_word' id='word_1_69' title='bbox 329 928 395 966; x_wconf 91' lang='lat'>44.</span> <span class='ocrx_word' id='word_1_70' title='bbox 429 927 482 963; x_wconf 86' lang='lat' dir='ltr'>Te</span> <span class='ocrx_word' id='word_1_71' title='bbox 513 937 722 973; x_wconf 83' lang='lat' dir='ltr'>properare</span> <span class='ocrx_word' id='word_1_72' title='bbox 754 927 891 963; x_wconf 84' lang='lat' dir='ltr'>docent</span> <span class='ocrx_word' id='word_1_73' title='bbox 922 930 957 962; x_wconf 83' lang='lat' dir='ltr'>et</span> <span class='ocrx_word' id='word_1_74' title='bbox 989 927 1096 972; x_wconf 81' lang='lat' dir='ltr'>signa</span> <span class='ocrx_word' id='word_1_75' title='bbox 1130 931 1166 963; x_wconf 91' lang='lat' dir='ltr'>et</span> <span class='ocrx_word' id='word_1_76' title='bbox 1197 927 1347 963; x_wconf 82' lang='lat' dir='ltr'>saecula</span> <span class='ocrx_word' id='word_1_77' title='bbox 1379 927 1523 976; x_wconf 70' lang='lat' dir='ltr'>prima,</span> 
     </span>
     <span class='ocr_line' id='line_1_13' title="bbox 474 983 1528 1033; baseline 0.001 -13"><span class='ocrx_word' id='word_1_78' title='bbox 474 983 551 1020; x_wconf 90' lang='lat' dir='ltr'>Nos</span> <span class='ocrx_word' id='word_1_79' title='bbox 582 994 702 1033; x_wconf 83' lang='lat' dir='ltr'>sacra,</span> <span class='ocrx_word' id='word_1_80' title='bbox 736 994 832 1030; x_wconf 84' lang='lat' dir='ltr'>quae</span> <span class='ocrx_word' id='word_1_81' title='bbox 863 984 1038 1030; x_wconf 80' lang='lat' dir='ltr'>gerimuS,</span> <span class='ocrx_word' id='word_1_82' title='bbox 1073 988 1110 1020; x_wconf 88' lang='lat' dir='ltr'>te</span> <span class='ocrx_word' id='word_1_83' title='bbox 1138 994 1346 1030; x_wconf 83' lang='lat' dir='ltr'>properare</span> <span class='ocrx_word' id='word_1_84' title='bbox 1379 984 1528 1023; x_wconf 81' lang='lat' dir='ltr'>docent.</span> 
     </span>
    </p>
   </div>
   <div class='ocr_carea' id='block_1_8' title="bbox 325 1073 1330 1169">
    <p class='ocr_par' dir='ltr' id='par_1_8' title="bbox 325 1073 1330 1169">
     <span class='ocr_line' id='line_1_14' title="bbox 325 1073 1330 1121; baseline -0.003 -8"><span class='ocrx_word' id='word_1_85' title='bbox 325 1077 392 1113; x_wconf 92' lang='lat'>45.</span> <span class='ocrx_word' id='word_1_86' title='bbox 423 1075 567 1112; x_wconf 83' lang='lat' dir='ltr'>Unicus</span> <span class='ocrx_word' id='word_1_87' title='bbox 598 1074 804 1112; x_wconf 87' lang='lat' dir='ltr'>adveniens</span> <span class='ocrx_word' id='word_1_88' title='bbox 832 1073 999 1111; x_wconf 85' lang='lat' dir='ltr'>firmavit</span> <span class='ocrx_word' id='word_1_89' title='bbox 1030 1078 1116 1111; x_wconf 85' lang='lat' dir='ltr'>vota</span> <span class='ocrx_word' id='word_1_90' title='bbox 1148 1074 1330 1121; x_wconf 76' lang='lat' dir='ltr'>priorum,</span> 
     </span>
     <span class='ocr_line' id='line_1_15' title="bbox 476 1131 1266 1169; baseline 0 -1"><span class='ocrx_word' id='word_1_91' title='bbox 476 1132 576 1169; x_wconf 87' lang='lat' dir='ltr'>Vota</span> <span class='ocrx_word' id='word_1_92' title='bbox 607 1131 712 1168; x_wconf 82' lang='lat' dir='ltr'>dedit</span> <span class='ocrx_word' id='word_1_93' title='bbox 744 1131 852 1167; x_wconf 91' lang='lat' dir='ltr'>nobis</span> <span class='ocrx_word' id='word_1_94' title='bbox 882 1132 1015 1168; x_wconf 91' lang='lat' dir='ltr'>unicus</span> <span class='ocrx_word' id='word_1_95' title='bbox 1047 1131 1266 1168; x_wconf 82' lang='lat' dir='ltr'>adveniens.</span> 
     </span>
    </p>
   </div>
   <div class='ocr_carea' id='block_1_9' title="bbox 322 1222 1428 1326">
    <p class='ocr_par' dir='ltr' id='par_1_9' title="bbox 322 1222 1428 1326">
     <span class='ocr_line' id='line_1_16' title="bbox 322 1222 1428 1271; baseline -0.002 -11"><span class='ocrx_word' id='word_1_96' title='bbox 322 1223 392 1261; x_wconf 87' lang='lat'>46.</span> <span class='ocrx_word' id='word_1_97' title='bbox 426 1222 573 1271; x_wconf 80' lang='lat' dir='ltr'>Passio,</span> <span class='ocrx_word' id='word_1_98' title='bbox 607 1222 771 1270; x_wconf 87' lang='lat' dir='ltr'>Christe,</span> <span class='ocrx_word' id='word_1_99' title='bbox 805 1222 858 1259; x_wconf 89' lang='lat' dir='ltr'>tui</span> <span class='ocrx_word' id='word_1_100' title='bbox 891 1222 1092 1268; x_wconf 82' lang='lat' dir='ltr'>complevit</span> <span class='ocrx_word' id='word_1_101' title='bbox 1126 1232 1281 1259; x_wconf 87' lang='lat' dir='ltr'>munera</span> <span class='ocrx_word' id='word_1_102' title='bbox 1312 1222 1428 1269; x_wconf 68' lang='lat' dir='ltr'>legis,</span> 
     </span>
     <span class='ocr_line' id='line_1_17' title="bbox 474 1279 1419 1326; baseline 0 -10"><span class='ocrx_word' id='word_1_103' title='bbox 474 1279 636 1316; x_wconf 84' lang='lat' dir='ltr'>Munera</span> <span class='ocrx_word' id='word_1_104' title='bbox 665 1283 795 1316; x_wconf 87' lang='lat' dir='ltr'>nostra</span> <span class='ocrx_word' id='word_1_105' title='bbox 827 1279 949 1325; x_wconf 91' lang='lat' dir='ltr'>replet</span> <span class='ocrx_word' id='word_1_106' title='bbox 982 1279 1120 1325; x_wconf 81' lang='lat' dir='ltr'>passio,</span> <span class='ocrx_word' id='word_1_107' title='bbox 1154 1279 1318 1326; x_wconf 85' lang='lat' dir='ltr'>Christe,</span> <span class='ocrx_word' id='word_1_108' title='bbox 1352 1279 1419 1316; x_wconf 93' lang='lat' dir='ltr'>tui.</span> 
     </span>
    </p>
   </div>
   <div class='ocr_carea' id='block_1_10' title="bbox 332 1370 1598 1473">
    <p class='ocr_par' dir='ltr' id='par_1_10' title="bbox 332 1370 1598 1473">
     <span class='ocr_line' id='line_1_18' title="bbox 332 1370 1598 1420; baseline 0 -12"><span class='ocrx_word' id='word_1_109' title='bbox 332 1371 398 1410; x_wconf 83' lang='lat'>47.</span> <span class='ocrx_word' id='word_1_110' title='bbox 433 1370 520 1408; x_wconf 83' lang='lat' dir='ltr'>Hic&#39;</span> <span class='ocrx_word' id='word_1_111' title='bbox 539 1370 661 1415; x_wconf 90' lang='lat' dir='ltr'>homo,</span> <span class='ocrx_word' id='word_1_112' title='bbox 695 1371 757 1416; x_wconf 88' lang='lat' dir='ltr'>qui</span> <span class='ocrx_word' id='word_1_113' title='bbox 789 1370 892 1407; x_wconf 86' lang='lat' dir='ltr'>Deus</span> <span class='ocrx_word' id='word_1_114' title='bbox 923 1374 992 1414; x_wconf 87' lang='lat' dir='ltr'>est,</span> <span class='ocrx_word' id='word_1_115' title='bbox 1024 1381 1111 1416; x_wconf 88' lang='lat' dir='ltr'>spes</span> <span class='ocrx_word' id='word_1_116' title='bbox 1143 1376 1199 1406; x_wconf 87' lang='lat' dir='ltr'>est</span> <span class='ocrx_word' id='word_1_117' title='bbox 1230 1371 1386 1417; x_wconf 82' lang='lat' dir='ltr'>antiqua</span> <span class='ocrx_word' id='word_1_118' title='bbox 1413 1371 1598 1420; x_wconf 79' lang='lat' dir='ltr'>priorum,</span> 
     </span>
     <span class='ocr_line' id='line_1_19' title="bbox 474 1427 1418 1473; baseline 0.002 -10"><span class='ocrx_word' id='word_1_119' title='bbox 474 1427 568 1473; x_wconf 88' lang='lat' dir='ltr'>Spes</span> <span class='ocrx_word' id='word_1_120' title='bbox 600 1428 637 1463; x_wconf 91' lang='lat' dir='ltr'>in</span> <span class='ocrx_word' id='word_1_121' title='bbox 667 1427 741 1463; x_wconf 87' lang='lat' dir='ltr'>fine</span> <span class='ocrx_word' id='word_1_122' title='bbox 772 1428 845 1473; x_wconf 89' lang='lat' dir='ltr'>piis</span> <span class='ocrx_word' id='word_1_123' title='bbox 876 1427 938 1463; x_wconf 88' lang='lat' dir='ltr'>hic</span> <span class='ocrx_word' id='word_1_124' title='bbox 969 1427 1089 1469; x_wconf 74' lang='lat' dir='ltr'>homo.</span> <span class='ocrx_word' id='word_1_125' title='bbox 1123 1427 1185 1473; x_wconf 89' lang='lat' dir='ltr'>qui</span> <span class='ocrx_word' id='word_1_126' title='bbox 1217 1427 1320 1464; x_wconf 90' lang='lat' dir='ltr'>Deus</span> <span class='ocrx_word' id='word_1_127' title='bbox 1349 1431 1418 1467; x_wconf 87' lang='lat' dir='ltr'>est.</span> 
     </span>
    </p>
   </div>
   <div class='ocr_carea' id='block_1_11' title="bbox 323 1516 1375 1621">
    <p class='ocr_par' dir='ltr' id='par_1_11' title="bbox 323 1516 1375 1621">
     <span class='ocr_line' id='line_1_20' title="bbox 323 1516 1315 1566; baseline 0 -12"><span class='ocrx_word' id='word_1_128' title='bbox 323 1518 390 1556; x_wconf 91' lang='lat'>48.</span> <span class='ocrx_word' id='word_1_129' title='bbox 422 1517 561 1554; x_wconf 89' lang='lat' dir='ltr'>Munus</span> <span class='ocrx_word' id='word_1_130' title='bbox 593 1517 665 1553; x_wconf 91' lang='lat' dir='ltr'>erit</span> <span class='ocrx_word' id='word_1_131' title='bbox 696 1516 785 1553; x_wconf 82' lang='lat' dir='ltr'>fidei</span> <span class='ocrx_word' id='word_1_132' title='bbox 816 1521 895 1553; x_wconf 87' lang='lat' dir='ltr'>toto</span> <span class='ocrx_word' id='word_1_133' title='bbox 928 1517 1170 1554; x_wconf 76' lang='lat' dir='ltr'>credentibus</span> <span class='ocrx_word' id='word_1_134' title='bbox 1201 1528 1315 1566; x_wconf 65' lang='lat' dir='ltr'>aevo,</span> 
     </span>
     <span class='ocr_line' id='line_1_21' title="bbox 475 1574 1375 1621; baseline 0 -10"><span class='ocrx_word' id='word_1_135' title='bbox 475 1574 546 1620; x_wconf 81' lang='lat' dir='ltr'>Qui</span> <span class='ocrx_word' id='word_1_136' title='bbox 578 1574 696 1612; x_wconf 86' lang='lat' dir='ltr'>dedit.</span> <span class='ocrx_word' id='word_1_137' title='bbox 730 1578 768 1610; x_wconf 90' lang='lat' dir='ltr'>ut</span> <span class='ocrx_word' id='word_1_138' title='bbox 802 1574 972 1621; x_wconf 88' lang='lat' dir='ltr'>credant,</span> <span class='ocrx_word' id='word_1_139' title='bbox 1006 1585 1139 1611; x_wconf 86' lang='lat' dir='ltr'>munus</span> <span class='ocrx_word' id='word_1_140' title='bbox 1169 1575 1241 1610; x_wconf 87' lang='lat' dir='ltr'>erit</span> <span class='ocrx_word' id='word_1_141' title='bbox 1272 1574 1375 1612; x_wconf 88' lang='lat' dir='ltr'>fidei.</span> 
     </span>
    </p>
   </div>
   <div class='ocr_carea' id='block_1_12' title="bbox 289 1665 1431 1770">
    <p class='ocr_par' dir='ltr' id='par_1_12' title="bbox 289 1665 1431 1770">
     <span class='ocr_line' id='line_1_22' title="bbox 289 1665 1431 1713; baseline -0.002 -10"><span class='ocrx_word' id='word_1_142' title='bbox 289 1700 292 1703; x_wconf 88' lang='lat'>.</span> <span class='ocrx_word' id='word_1_143' title='bbox 325 1666 390 1704; x_wconf 88' lang='lat'>49.</span> <span class='ocrx_word' id='word_1_144' title='bbox 425 1666 479 1703; x_wconf 91' lang='lat' dir='ltr'>Te</span> <span class='ocrx_word' id='word_1_145' title='bbox 510 1665 695 1713; x_wconf 88' lang='lat' dir='ltr'>veniente,</span> <span class='ocrx_word' id='word_1_146' title='bbox 721 1665 836 1711; x_wconf 71' lang='lat' dir='ltr'>Deus,</span> <span class='ocrx_word' id='word_1_147' title='bbox 870 1665 1081 1701; x_wconf 83' lang='lat' dir='ltr'>mundanus</span> <span class='ocrx_word' id='word_1_148' title='bbox 1114 1665 1280 1701; x_wconf 82' lang='lat' dir='ltr'>concidit</span> <span class='ocrx_word' id='word_1_149' title='bbox 1311 1675 1431 1710; x_wconf 77' lang='lat' dir='ltr'>error,</span> 
     </span>
     <span class='ocr_line' id='line_1_23' title="bbox 477 1721 1350 1770; baseline 0 -11"><span class='ocrx_word' id='word_1_150' title='bbox 477 1722 628 1759; x_wconf 82' lang='lat' dir='ltr'>Occidit</span> <span class='ocrx_word' id='word_1_151' title='bbox 659 1721 720 1757; x_wconf 85' lang='lat' dir='ltr'>hic</span> <span class='ocrx_word' id='word_1_152' title='bbox 752 1721 913 1758; x_wconf 87' lang='lat' dir='ltr'>mundus</span> <span class='ocrx_word' id='word_1_153' title='bbox 945 1726 982 1757; x_wconf 90' lang='lat' dir='ltr'>te</span> <span class='ocrx_word' id='word_1_154' title='bbox 1014 1722 1200 1770; x_wconf 89' lang='lat' dir='ltr'>veniente,</span> <span class='ocrx_word' id='word_1_155' title='bbox 1235 1721 1350 1759; x_wconf 89' lang='lat' dir='ltr'>Deus.</span> 
     </span>
    </p>
   </div>
   <div class='ocr_carea' id='block_1_13' title="bbox 328 1811 1573 1918">
    <p class='ocr_par' dir='ltr' id='par_1_13' title="bbox 328 1811 1573 1918">
     <span class='ocr_line' id='line_1_24' title="bbox 328 1811 1573 1859; baseline -0.001 -9"><span class='ocrx_word' id='word_1_156' title='bbox 328 1813 392 1850; x_wconf 90' lang='lat'>50.</span> <span class='ocrx_word' id='word_1_157' title='bbox 427 1811 561 1849; x_wconf 84' lang='lat' dir='ltr'>Gratia</span> <span class='ocrx_word' id='word_1_158' title='bbox 591 1813 704 1859; x_wconf 83' lang='lat' dir='ltr'>plena</span> <span class='ocrx_word' id='word_1_159' title='bbox 735 1812 806 1849; x_wconf 85' lang='lat' dir='ltr'>Dei</span> <span class='ocrx_word' id='word_1_160' title='bbox 839 1817 908 1858; x_wconf 78' lang='lat' dir='ltr'>est,</span> <span class='ocrx_word' id='word_1_161' title='bbox 941 1823 1036 1858; x_wconf 85' lang='lat' dir='ltr'>quae</span> <span class='ocrx_word' id='word_1_162' title='bbox 1067 1813 1156 1848; x_wconf 89' lang='lat' dir='ltr'>totis</span> <span class='ocrx_word' id='word_1_163' title='bbox 1189 1812 1362 1859; x_wconf 84' lang='lat' dir='ltr'>gentibus</span> <span class='ocrx_word' id='word_1_164' title='bbox 1395 1817 1529 1859; x_wconf 77' lang='lat' dir='ltr'>exstat,</span> <span class='ocrx_word' id='word_1_165' title='bbox 1570 1822 1573 1823; x_wconf 70' lang='grc'>’</span> 
     </span>
     <span class='ocr_line' id='line_1_25' title="bbox 478 1869 1372 1918; baseline 0.001 -12"><span class='ocrx_word' id='word_1_166' title='bbox 478 1869 699 1906; x_wconf 80' lang='lat' dir='ltr'>Abscedant</span> <span class='ocrx_word' id='word_1_167' title='bbox 732 1873 870 1918; x_wconf 84' lang='lat' dir='ltr'>sectae,</span> <span class='ocrx_word' id='word_1_168' title='bbox 904 1869 1025 1916; x_wconf 80' lang='lat' dir='ltr'>gratia</span> <span class='ocrx_word' id='word_1_169' title='bbox 1057 1869 1170 1915; x_wconf 81' lang='lat' dir='ltr'>plena</span> <span class='ocrx_word' id='word_1_170' title='bbox 1202 1869 1272 1905; x_wconf 87' lang='lat' dir='ltr'>Dei</span> <span class='ocrx_word' id='word_1_171' title='bbox 1303 1873 1372 1908; x_wconf 87' lang='lat' dir='ltr'>est.</span> 
     </span>
    </p>
   </div>
   <div class='ocr_carea' id='block_1_14' title="bbox 327 1959 1480 2053">
    <p class='ocr_par' dir='ltr' id='par_1_14' title="bbox 327 1959 1480 2053">
     <span class='ocr_line' id='line_1_26' title="bbox 327 1959 1480 2009; baseline -0.001 -12"><span class='ocrx_word' id='word_1_172' title='bbox 327 1960 393 1998; x_wconf 81' lang='lat'>51.</span> <span class='ocrx_word' id='word_1_173' title='bbox 427 1960 515 1998; x_wconf 81' lang='lat' dir='ltr'>Sola</span> <span class='ocrx_word' id='word_1_174' title='bbox 545 1959 719 1997; x_wconf 87' lang='lat' dir='ltr'>columba</span> <span class='ocrx_word' id='word_1_175' title='bbox 750 1960 861 2009; x_wconf 85' lang='lat' dir='ltr'>redit,</span> <span class='ocrx_word' id='word_1_176' title='bbox 898 1971 992 2006; x_wconf 80' lang='lat' dir='ltr'>quae</span> <span class='ocrx_word' id='word_1_177' title='bbox 1023 1964 1142 1996; x_wconf 89' lang='lat' dir='ltr'>totum</span> <span class='ocrx_word' id='word_1_178' title='bbox 1173 1959 1306 1996; x_wconf 85' lang='lat' dir='ltr'>circuit</span> <span class='ocrx_word' id='word_1_179' title='bbox 1337 1960 1480 2005; x_wconf 76' lang='lat' dir='ltr'>orbem,</span> 
     </span>
     <span class='ocr_line' id='line_1_27' title="bbox 478 2016 1297 2053; baseline -0.001 0"><span class='ocrx_word' id='word_1_180' title='bbox 478 2016 686 2053; x_wconf 86' lang='lat' dir='ltr'>Discedant</span> <span class='ocrx_word' id='word_1_181' title='bbox 721 2016 836 2053; x_wconf 79' lang='lat' dir='ltr'>corvi.</span> <span class='ocrx_word' id='word_1_182' title='bbox 870 2017 949 2053; x_wconf 88' lang='lat' dir='ltr'>sola</span> <span class='ocrx_word' id='word_1_183' title='bbox 983 2016 1154 2053; x_wconf 85' lang='lat' dir='ltr'>columba</span> <span class='ocrx_word' id='word_1_184' title='bbox 1186 2017 1297 2053; x_wconf 92' lang='lat' dir='ltr'>redit.</span> 
     </span>
    </p>
   </div>
   <div class='ocr_carea' id='block_1_15' title="bbox 326 2107 1529 2211">
    <p class='ocr_par' dir='ltr' id='par_1_15' title="bbox 326 2107 1529 2211">
     <span class='ocr_line' id='line_1_28' title="bbox 326 2107 1529 2154; baseline 0 -10"><span class='ocrx_word' id='word_1_185' title='bbox 326 2108 392 2145; x_wconf 89' lang='lat'>52.</span> <span class='ocrx_word' id='word_1_186' title='bbox 425 2107 617 2144; x_wconf 80' lang='lat' dir='ltr'>Adveniet</span> <span class='ocrx_word' id='word_1_187' title='bbox 646 2107 829 2144; x_wconf 87' lang='lat' dir='ltr'>Dominus</span> <span class='ocrx_word' id='word_1_188' title='bbox 864 2108 955 2144; x_wconf 84' lang='lat' dir='ltr'>dare</span> <span class='ocrx_word' id='word_1_189' title='bbox 988 2107 1101 2153; x_wconf 83' lang='lat' dir='ltr'>digna</span> <span class='ocrx_word' id='word_1_190' title='bbox 1132 2108 1218 2154; x_wconf 78' lang='lat' dir='ltr'>piis.</span> <span class='ocrx_word' id='word_1_191' title='bbox 1249 2108 1348 2144; x_wconf 86' lang='lat' dir='ltr'>mala</span> <span class='ocrx_word' id='word_1_192' title='bbox 1378 2108 1529 2154; x_wconf 74' lang='lat' dir='ltr'>pravis3</span> 
     </span>
     <span class='ocr_line' id='line_1_29' title="bbox 479 2162 1361 2211; baseline -0.001 -11"><span class='ocrx_word' id='word_1_193' title='bbox 479 2164 632 2201; x_wconf 84' lang='lat' dir='ltr'>Credite</span> <span class='ocrx_word' id='word_1_194' title='bbox 663 2165 748 2211; x_wconf 84' lang='lat' dir='ltr'>iam,</span> <span class='ocrx_word' id='word_1_195' title='bbox 782 2162 929 2202; x_wconf 81' lang='lat' dir='ltr'>miseri!</span> <span class='ocrx_word' id='word_1_196' title='bbox 961 2164 1137 2201; x_wconf 82' lang='lat' dir='ltr'>adveniet</span> <span class='ocrx_word' id='word_1_197' title='bbox 1169 2164 1361 2201; x_wconf 87' lang='lat' dir='ltr'>Dominus.</span> 
     </span>
    </p>
   </div>
   <div class='ocr_carea' id='block_1_16' title="bbox 329 2254 1620 2358">
    <p class='ocr_par' dir='ltr' id='par_1_16' title="bbox 329 2254 1620 2358">
     <span class='ocr_line' id='line_1_30' title="bbox 329 2254 1620 2304; baseline 0.001 -13"><span class='ocrx_word' id='word_1_198' title='bbox 329 2255 395 2292; x_wconf 86' lang='lat'>53.</span> <span class='ocrx_word' id='word_1_199' title='bbox 428 2254 543 2299; x_wconf 71' lang='lat' dir='ltr'>Visi0,</span> <span class='ocrx_word' id='word_1_200' title='bbox 575 2255 739 2302; x_wconf 88' lang='lat' dir='ltr'>Christe,</span> <span class='ocrx_word' id='word_1_201' title='bbox 772 2255 824 2291; x_wconf 90' lang='lat' dir='ltr'>tui</span> <span class='ocrx_word' id='word_1_202' title='bbox 857 2258 1083 2290; x_wconf 85' lang='lat' dir='ltr'>tormentum</span> <span class='ocrx_word' id='word_1_203' title='bbox 1116 2258 1151 2290; x_wconf 89' lang='lat' dir='ltr'>et</span> <span class='ocrx_word' id='word_1_204' title='bbox 1183 2265 1305 2300; x_wconf 86' lang='lat' dir='ltr'>poena</span> <span class='ocrx_word' id='word_1_205' title='bbox 1335 2255 1519 2291; x_wconf 87' lang='lat' dir='ltr'>malorum</span> <span class='ocrx_word' id='word_1_206' title='bbox 1551 2258 1620 2304; x_wconf 89' lang='lat' dir='ltr'>est,</span> 
     </span>
     <span class='ocr_line' id='line_1_31' title="bbox 480 2310 1357 2358; baseline 0.003 -12"><span class='ocrx_word' id='word_1_207' title='bbox 480 2310 613 2348; x_wconf 85' lang='lat' dir='ltr'>Gloria</span> <span class='ocrx_word' id='word_1_208' title='bbox 644 2317 779 2347; x_wconf 79' lang='lat' dir='ltr'>cuncta</span> <span class='ocrx_word' id='word_1_209' title='bbox 811 2311 919 2347; x_wconf 89' lang='lat' dir='ltr'>bonis</span> <span class='ocrx_word' id='word_1_210' title='bbox 953 2311 1059 2358; x_wconf 88' lang='lat' dir='ltr'>visio,</span> <span class='ocrx_word' id='word_1_211' title='bbox 1094 2311 1256 2356; x_wconf 78' lang='lat' dir='ltr'>Christe,</span> <span class='ocrx_word' id='word_1_212' title='bbox 1290 2311 1357 2349; x_wconf 89' lang='lat' dir='ltr'>tui.</span> 
     </span>
    </p>
   </div>
   <div class='ocr_carea' id='block_1_17' title="bbox 327 2400 1447 2505">
    <p class='ocr_par' dir='ltr' id='par_1_17' title="bbox 327 2400 1447 2505">
     <span class='ocr_line' id='line_1_32' title="bbox 327 2400 1447 2450; baseline -0.001 -12"><span class='ocrx_word' id='word_1_213' title='bbox 327 2402 392 2438; x_wconf 88' lang='lat'>54.</span> <span class='ocrx_word' id='word_1_214' title='bbox 426 2400 557 2437; x_wconf 84' lang='lat' dir='ltr'>Gloria</span> <span class='ocrx_word' id='word_1_215' title='bbox 588 2413 722 2448; x_wconf 82' lang='lat' dir='ltr'>magna</span> <span class='ocrx_word' id='word_1_216' title='bbox 753 2403 866 2449; x_wconf 59' lang='lat' dir='ltr'>patri,</span> <span class='ocrx_word' id='word_1_217' title='bbox 899 2411 1050 2449; x_wconf 84' lang='lat' dir='ltr'>semper</span> <span class='ocrx_word' id='word_1_218' title='bbox 1079 2401 1148 2437; x_wconf 86' lang='lat' dir='ltr'>tibi</span> <span class='ocrx_word' id='word_1_219' title='bbox 1180 2401 1313 2450; x_wconf 81' lang='lat' dir='ltr'>gloria,</span> <span class='ocrx_word' id='word_1_220' title='bbox 1345 2406 1447 2447; x_wconf 64' lang='lat' dir='ltr'>nate,</span> 
     </span>
     <span class='ocr_line' id='line_1_33' title="bbox 479 2458 1363 2505; baseline 0 -9"><span class='ocrx_word' id='word_1_221' title='bbox 479 2458 570 2496; x_wconf 87' lang='lat' dir='ltr'>Cum</span> <span class='ocrx_word' id='word_1_222' title='bbox 603 2463 733 2495; x_wconf 87' lang='lat' dir='ltr'>sancto</span> <span class='ocrx_word' id='word_1_223' title='bbox 765 2459 902 2504; x_wconf 88' lang='lat' dir='ltr'>spiritu</span> <span class='ocrx_word' id='word_1_224' title='bbox 933 2458 1053 2504; x_wconf 83' lang='lat' dir='ltr'>gloria</span> <span class='ocrx_word' id='word_1_225' title='bbox 1085 2469 1219 2505; x_wconf 82' lang='lat' dir='ltr'>magna</span> <span class='ocrx_word' id='word_1_226' title='bbox 1250 2458 1363 2504; x_wconf 78' lang='lat' dir='ltr'>patri.</span> 
     </span>
    </p>
   </div>
   <div class='ocr_carea' id='block_1_18' title="bbox 134 2578 1692 2849">
    <p class='ocr_par' dir='ltr' id='par_1_18' title="bbox 134 2578 1692 2849">
     <span class='ocr_line' id='line_1_34' title="bbox 225 2578 1691 2614; baseline 0.002 -6"><span class='ocrx_word' id='word_1_227' title='bbox 225 2578 368 2609; x_wconf 85' lang='lat' dir='ltr'>Collect.</span> <span class='ocrx_word' id='word_1_228' title='bbox 394 2590 456 2610; x_wconf 87' lang='lat' dir='ltr'>ms.</span> <span class='ocrx_word' id='word_1_229' title='bbox 483 2581 679 2612; x_wconf 88' lang='lat' dir='ltr'>Bobbiense</span> <span class='ocrx_word' id='word_1_230' title='bbox 705 2592 794 2613; x_wconf 74' lang='lat' dir='ltr'>saec.</span> <span class='ocrx_word' id='word_1_231' title='bbox 822 2581 851 2613; x_wconf 78' lang='grc'><strong>7.</strong></span> <span class='ocrx_word' id='word_1_232' title='bbox 894 2581 976 2614; x_wconf 82' lang='lat' dir='ltr'>Cod.</span> <span class='ocrx_word' id='word_1_233' title='bbox 1002 2581 1188 2612; x_wconf 84' lang='lat' dir='ltr'>Taurinen.</span> <span class='ocrx_word' id='word_1_234' title='bbox 1208 2580 1237 2611; x_wconf 86' lang='lat' dir='ltr'>E</span> <span class='ocrx_word' id='word_1_235' title='bbox 1257 2581 1305 2611; x_wconf 82' lang='lat' dir='ltr'>IV</span> <span class='ocrx_word' id='word_1_236' title='bbox 1332 2579 1386 2612; x_wconf 81' lang='lat'>44.</span> <span class='ocrx_word' id='word_1_237' title='bbox 1413 2579 1458 2612; x_wconf 89' lang='lat' dir='ltr'>A.</span> <span class='ocrx_word' id='word_1_238' title='bbox 1490 2599 1527 2602; x_wconf 65' lang='lat'>—</span> <span class='ocrx_word' id='word_1_239' title='bbox 1549 2582 1691 2613; x_wconf 81' lang='lat' dir='ltr'>Collect.</span> 
     </span>
     <span class='ocr_line' id='line_1_35' title="bbox 134 2624 1692 2665; baseline 0.001 -10"><span class='ocrx_word' id='word_1_240' title='bbox 134 2635 195 2655; x_wconf 79' lang='lat' dir='ltr'>ms.</span> <span class='ocrx_word' id='word_1_241' title='bbox 222 2624 540 2665; x_wconf 81' lang='lat' dir='ltr'>Anglosaxonicum</span> <span class='ocrx_word' id='word_1_242' title='bbox 578 2636 666 2657; x_wconf 83' lang='lat' dir='ltr'>saec.</span> <span class='ocrx_word' id='word_1_243' title='bbox 698 2628 728 2658; x_wconf 66' lang='grc' dir='ltr'><strong>ὅ.</strong></span> <span class='ocrx_word' id='word_1_244' title='bbox 777 2627 858 2658; x_wconf 80' lang='lat' dir='ltr'>cod.</span> <span class='ocrx_word' id='word_1_245' title='bbox 885 2627 1066 2659; x_wconf 80' lang='lat' dir='ltr'>Gothanus</span> <span class='ocrx_word' id='word_1_246' title='bbox 1092 2627 1107 2657; x_wconf 97' lang='grc' dir='ltr'>Ι</span> <span class='ocrx_word' id='word_1_247' title='bbox 1134 2624 1187 2656; x_wconf 85' lang='grc'><strong>7-5.</strong></span> <span class='ocrx_word' id='word_1_248' title='bbox 1214 2627 1252 2656; x_wconf 86' lang='lat' dir='ltr'>B.</span> <span class='ocrx_word' id='word_1_249' title='bbox 1279 2643 1321 2647; x_wconf 86' lang='lat'>—</span> <span class='ocrx_word' id='word_1_250' title='bbox 1347 2627 1491 2659; x_wconf 80' lang='lat' dir='ltr'>Collect.</span> <span class='ocrx_word' id='word_1_251' title='bbox 1517 2637 1578 2658; x_wconf 78' lang='lat' dir='ltr'>ins.</span> <span class='ocrx_word' id='word_1_252' title='bbox 1604 2627 1692 2659; x_wconf 86' lang='lat' dir='ltr'>Coll.</span> 
     </span>
     <span class='ocr_line' id='line_1_36' title="bbox 134 2669 1692 2714; baseline 0.001 -14"><span class='ocrx_word' id='word_1_253' title='bbox 134 2671 276 2701; x_wconf 87' lang='lat' dir='ltr'>Trecen.</span> <span class='ocrx_word' id='word_1_254' title='bbox 316 2679 405 2702; x_wconf 78' lang='lat' dir='ltr'>saec.</span> <span class='ocrx_word' id='word_1_255' title='bbox 438 2669 468 2702; x_wconf 95' lang='lat'>9.</span> <span class='ocrx_word' id='word_1_256' title='bbox 521 2671 603 2703; x_wconf 85' lang='lat' dir='ltr'>Cod.</span> <span class='ocrx_word' id='word_1_257' title='bbox 638 2673 933 2713; x_wconf 79' lang='lat' dir='ltr'>Montepessulan.</span> <span class='ocrx_word' id='word_1_258' title='bbox 966 2669 1032 2703; x_wconf 83' lang='grc'><strong>362</strong></span> <span class='ocrx_word' id='word_1_259' title='bbox 1075 2671 1112 2703; x_wconf 84' lang='lat' dir='ltr'>C.</span> <span class='ocrx_word' id='word_1_260' title='bbox 1149 2688 1189 2691; x_wconf 87' lang='lat'><strong>—</strong></span> <span class='ocrx_word' id='word_1_261' title='bbox 1215 2671 1356 2703; x_wconf 88' lang='lat' dir='ltr'>Collect.</span> <span class='ocrx_word' id='word_1_262' title='bbox 1392 2683 1453 2703; x_wconf 81' lang='lat' dir='ltr'>ms.</span> <span class='ocrx_word' id='word_1_263' title='bbox 1481 2673 1515 2704; x_wconf 69' lang='lat' dir='ltr'>S.</span> <span class='ocrx_word' id='word_1_264' title='bbox 1542 2672 1692 2714; x_wconf 84' lang='lat' dir='ltr'>Remigii</span> 
     </span>
     <span class='ocr_line' id='line_1_37' title="bbox 134 2714 1691 2749; baseline 0 -2"><span class='ocrx_word' id='word_1_265' title='bbox 134 2717 277 2747; x_wconf 84' lang='lat' dir='ltr'>Remen.</span> <span class='ocrx_word' id='word_1_266' title='bbox 306 2724 395 2746; x_wconf 80' lang='lat' dir='ltr'>saec.</span> <span class='ocrx_word' id='word_1_267' title='bbox 423 2714 454 2747; x_wconf 92' lang='lat'>9.</span> <span class='ocrx_word' id='word_1_268' title='bbox 504 2716 586 2747; x_wconf 87' lang='lat' dir='ltr'>Cod.</span> <span class='ocrx_word' id='word_1_269' title='bbox 612 2717 761 2748; x_wconf 84' lang='lat' dir='ltr'>Parisin.</span> <span class='ocrx_word' id='word_1_270' title='bbox 788 2715 886 2748; x_wconf 74' lang='lat'>9347.</span> <span class='ocrx_word' id='word_1_271' title='bbox 914 2719 957 2748; x_wconf 92' lang='lat' dir='ltr'>D.</span> <span class='ocrx_word' id='word_1_272' title='bbox 984 2733 1025 2737; x_wconf 91' lang='lat'>—</span> <span class='ocrx_word' id='word_1_273' title='bbox 1052 2716 1192 2748; x_wconf 82' lang='lat' dir='ltr'>Collect.</span> <span class='ocrx_word' id='word_1_274' title='bbox 1221 2727 1283 2748; x_wconf 86' lang='lat' dir='ltr'>ms.</span> <span class='ocrx_word' id='word_1_275' title='bbox 1309 2718 1520 2749; x_wconf 68' lang='lat' dir='ltr'>corbeiense</span> <span class='ocrx_word' id='word_1_276' title='bbox 1545 2727 1634 2749; x_wconf 82' lang='lat' dir='ltr'>saec.</span> <span class='ocrx_word' id='word_1_277' title='bbox 1660 2716 1691 2749; x_wconf 88' lang='lat'>9.</span> 
     </span>
     <span class='ocr_line' id='line_1_38' title="bbox 135 2759 1691 2794; baseline 0 -2"><span class='ocrx_word' id='word_1_278' title='bbox 135 2760 217 2793; x_wconf 87' lang='lat' dir='ltr'>Cod.</span> <span class='ocrx_word' id='word_1_279' title='bbox 258 2761 409 2792; x_wconf 83' lang='lat' dir='ltr'>Parisin.</span> <span class='ocrx_word' id='word_1_280' title='bbox 450 2759 576 2793; x_wconf 79' lang='lat'>14143.</span> <span class='ocrx_word' id='word_1_281' title='bbox 611 2762 650 2793; x_wconf 82' lang='lat' dir='ltr'>E.</span> <span class='ocrx_word' id='word_1_282' title='bbox 683 2780 726 2783; x_wconf 32' lang='lat'><em>⁴</em></span> <span class='ocrx_word' id='word_1_283' title='bbox 761 2763 902 2794; x_wconf 77' lang='lat' dir='ltr'>Collect.</span> <span class='ocrx_word' id='word_1_284' title='bbox 939 2773 1000 2793; x_wconf 86' lang='lat' dir='ltr'>ms.</span> <span class='ocrx_word' id='word_1_285' title='bbox 1026 2762 1194 2793; x_wconf 65' lang='lat' dir='ltr'>Pratenso</span> <span class='ocrx_word' id='word_1_286' title='bbox 1227 2772 1316 2793; x_wconf 77' lang='lat' dir='ltr'>saec.</span> <span class='ocrx_word' id='word_1_287' title='bbox 1351 2760 1381 2793; x_wconf 92' lang='lat'>9.</span> <span class='ocrx_word' id='word_1_288' title='bbox 1431 2763 1514 2794; x_wconf 61' lang='lat' dir='ltr'>Cod.</span> <span class='ocrx_word' id='word_1_289' title='bbox 1540 2763 1691 2794; x_wconf 82' lang='lat' dir='ltr'>Parisin.</span> 
     </span>
     <span class='ocr_line' id='line_1_39' title="bbox 136 2805 1690 2849; baseline -0.001 -9"><span class='ocrx_word' id='word_1_290' title='bbox 136 2805 263 2840; x_wconf 81' lang='grc'><strong>13377.</strong></span> <span class='ocrx_word' id='word_1_291' title='bbox 297 2806 334 2837; x_wconf 84' lang='lat' dir='ltr'>F.</span> <span class='ocrx_word' id='word_1_292' title='bbox 369 2823 410 2827; x_wconf 95' lang='lat'>—</span> <span class='ocrx_word' id='word_1_293' title='bbox 444 2807 587 2839; x_wconf 87' lang='lat' dir='ltr'>Collect.</span> <span class='ocrx_word' id='word_1_294' title='bbox 622 2818 684 2838; x_wconf 81' lang='lat' dir='ltr'>ins.</span> <span class='ocrx_word' id='word_1_295' title='bbox 718 2808 891 2849; x_wconf 81' lang='lat' dir='ltr'>Augiense</span> <span class='ocrx_word' id='word_1_296' title='bbox 926 2818 1014 2839; x_wconf 85' lang='lat' dir='ltr'>saec.</span> <span class='ocrx_word' id='word_1_297' title='bbox 1048 2805 1079 2838; x_wconf 89' lang='lat'>9.</span> <span class='ocrx_word' id='word_1_298' title='bbox 1113 2817 1164 2838; x_wconf 86' lang='lat' dir='ltr'>ex.</span> <span class='ocrx_word' id='word_1_299' title='bbox 1213 2807 1296 2838; x_wconf 85' lang='lat' dir='ltr'>Cod.</span> <span class='ocrx_word' id='word_1_300' title='bbox 1330 2808 1578 2839; x_wconf 79' lang='lat' dir='ltr'>Carolsruhan.</span> <span class='ocrx_word' id='word_1_301' title='bbox 1604 2809 1690 2849; x_wconf 77' lang='lat' dir='ltr'>Aug.</span> 
     </span>
    </p>
   </div>
  </div>
 </body>
</html>
