1785 3111
667 78 976 119 —341—

70 193 141 230 9a.
183 192 212 230 Ο
245 191 455 239 benedicte,
888 195 961 233 9b.
1004 194 1058 231 Te
1088 195 1304 240 adorantes,

186 248 274 286 dum
306 253 347 285 tu
377 248 622 286 maledictum
876 296 883 301 .
1001 252 1085 288 lesu
1117 251 1326 298 Nazarene,

183 304 306 341 factus
337 314 377 341 es
408 316 478 351 pro
509 306 630 355 nobis,
1001 318 1067 344 rex
1099 309 1338 354 ludaeorum,

183 362 407 399 maledictus
1000 365 1039 401 in
1071 365 1231 412 occulto,

182 430 268 455 nam
301 419 434 465 omnis,
467 419 530 465 qui
561 419 703 466 pendet
1001 432 1075 457 non
1107 422 1146 458 in
1175 420 1377 458 manifesto

182 475 220 511 in
251 475 364 524 ligno,
399 486 469 512 nos
498 474 593 512 facis
1004 478 1145 527 Iudaei,
1177 478 1241 524 qui
1272 481 1335 514 tuo

183 532 230 568 de
260 531 474 569 maledictis
507 532 743 573 benedictos.
1001 534 1161 580 imperio
1193 538 1279 571 sunt
1306 534 1501 574 intitulati.

53 647 150 685 loa.
191 647 300 683 Hanc
330 645 431 682 tituli
865 647 916 685 10
929 646 966 687 b.
1009 647 1067 684 Ne
1099 648 1287 693 corrumpi

187 702 485 750 inscriptionem,
1005 704 1106 740 sinas
1138 704 1176 740 in
1207 704 1316 740 nobis

185 759 407 805 inscriptam
1003 760 1041 796 in
1072 760 1195 809 finem,

184 815 293 852 nobis
324 816 461 863 spiritu
490 819 620 852 sancto
1004 819 1056 863 tu,
1089 816 1175 854 finis
1206 817 1286 853 sine
1317 815 1403 862 fine.

184 872 306 909 erucis
338 872 570 921 charactere,
1002 873 1074 910 Dei
1105 874 1226 920 patris
1257 877 1356 911 nate.

44 988 143 1026 lla.
187 985 299 1023 Cuius
331 989 387 1022 est
417 985 540 1032 imago
864 986 913 1024 11
929 986 966 1025 b.
1008 986 1126 1032 Quam
1157 987 1402 1033 inspicientes

190 1043 289 1089 regis
326 1046 363 1078 et
393 1042 680 1089 superscriptio,
1005 1043 1152 1090 patriae
1184 1043 1284 1080 cives
1315 1054 1502 1090 supernae

184 1109 279 1146 quae
310 1104 459 1136 moneta
490 1110 570 1145 nos,
1006 1100 1211 1147 dignantur
1241 1111 1327 1137 suos

186 1155 353 1205 dragma,
388 1167 498 1202 quam
530 1155 722 1194 invenisti.
1006 1168 1207 1194 conservos
1238 1167 1475 1204 cognoscere.

48 1270 147 1312 12'a.
189 1271 372 1308 Dominus
403 1282 561 1318 quorum
592 1275 633 1308 tu
867 1271 967 1310 1210.
1011 1272 1197 1318 Angelum
1229 1272 1268 1308 in
1301 1272 1404 1308 caelo

184 1329 280 1365 sicut
312 1328 502 1365 hominum
1005 1329 1106 1366 vitae
1138 1328 1357 1365 confortans

183 1385 283 1435 hinc,
316 1385 417 1432 quod
450 1385 552 1422 Deus
584 1385 695 1422 homo
1004 1386 1051 1423 de
1083 1390 1202 1422 morte
1235 1385 1424 1422 hominem

183 1442 306 1479 factus
338 1452 399 1489 es;
1002 1453 1171 1489 reparas,

44 1545 95 1584 13
109 1555 143 1584 a.
186 1544 394 1582 Frumento
424 1548 462 1579 et
493 1543 579 1580 vino
866 1544 917 1583 13
932 1544 968 1584 b.
1011 1544 1125 1582 Panis
1156 1544 1372 1591 angelorum

181 1600 373 1637 stabilitus
405 1610 444 1636 es
475 1599 669 1637 nobiscum
1005 1612 1072 1637 nos
1105 1600 1278 1637 reficiens
1309 1605 1343 1637 et
1377 1600 1502 1637 vinum

185 1662 333 1704 stayros
364 1657 402 1693 in
432 1668 511 1707 ara,
1005 1657 1220 1704 germinans
1252 1658 1428 1704 virgines.

45 1760 141 1799 14a.
184 1759 353 1806 Corpore
862 1758 964 1798 1410.
1007 1759 1086 1796 Nos
1117 1764 1200 1796 tuos

183 1815 247 1862 qui
277 1820 341 1852 tuo
372 1818 410 1851 et
440 1815 635 1862 sanguine,
1002 1816 1223 1866 revirgines,
1258 1815 1414 1862 virginis

188 1883 280 1919 quos
313 1872 567 1919 devirginavit
597 1871 726 1919 Satan,
1003 1872 1070 1923 fili,
1104 1873 1206 1910 Deus
1238 1872 1450 1917 benedicte.

475 1975 539 2014 15.
589 1975 642 2013 Ut
673 1975 789 2012 simus
820 1975 1044 2022 revirginati

588 2042 668 2068 cum
703 2034 834 2069 sancto
866 2032 1000 2070 sancti.

134 2133 234 2164 Miss.
258 2143 321 2163 ms.
348 2132 590 2164 Slierbacense
616 2142 705 2164 saec.
734 2130 785 2164 12.
828 2133 911 2164 Cod.
938 2133 1152 2165 Stierbacen.
1178 2134 1194 2164 I
1222 2130 1273 2164 13.
1298 2134 1338 2164 A.
1363 2151 1408 2154 —
1426 2134 1523 2163 Miss.
1546 2143 1608 2163 ms·

43 2178 250 2210 Secoviense
276 2187 364 2209 Saea.
393 2176 444 2210 12.
496 2178 580 2210 Cod.
605 2178 772 2210 Graecen.
797 2176 873 2209 479.
901 2179 940 2209 B.
964 2196 1009 2199 —
1034 2178 1138 2210 Grad.
1165 2189 1224 2209 ms.
1245 2177 1502 2209 Ottoburanum
1520 2188 1609 2209 saec.

47 2222 97 2255 12.
130 2224 216 2255 Clm.
251 2224 433 2255 Monacen.
467 2221 597 2255 27130.
629 2223 665 2254 C.
699 2241 744 2245 —-
776 2223 870 2254 Orat.
904 2234 966 2254 ms.
1002 2224 1211 2256 secoviense
1235 2224 1406 2261 (Monial.)
1437 2233 1528 2254 saec.
1556 2221 1610 2255 12.

48 2269 131 2301 Cod.
155 2270 322 2302 Graeeen.
352 2266 435 2300 1501
462 2270 505 2300 D.
531 2286 575 2291 -
601 2270 763 2308 Sequent.
789 2279 851 2299 mS.
879 2269 1087 2301 Secoviense
1113 2279 1202 2300 saec.
1232 2267 1282 2300 12.
1333 2269 1414 2300 Cod.
1441 2269 1609 2301 Graeeen.

49 2313 145 2346 1584.
169 2315 211 2346 E.
237 2331 281 2335 —
306 2315 404 2345 Miss.
431 2324 494 2345 ms,
522 2314 730 2346 Secoviense
756 2324 846 2345 saee.
876 2312 926 2345 12.
976 2314 1059 2346 Cod.
1085 2315 1252 2347 Graecen.
1278 2312 1354 2345 769.
1381 2315 1418 2346 F.

136 2358 164 2398 1,
197 2358 219 2392 4
251 2361 346 2391 Laus
366 2360 427 2390 'sit
458 2360 535 2397 tibi,
568 2360 705 2391 Christe
737 2359 873 2391 BDEF.
901 2377 940 2380 m
975 2357 1037 2397 23,
1067 2358 1088 2391 2
1120 2362 1228 2401 patris
1261 2360 1378 2391 hostia
1402 2360 1540 2392 ADEF.
1564 2377 1609 2381 -

44 2402 105 2445 33,
131 2402 152 2437 3
178 2409 212 2437 et
236 2405 322 2437 fehlt
346 2405 388 2436 D.
413 2422 457 2425 —
482 2402 545 2445 2b,
571 2402 592 2435 2
618 2406 737 2436 mortis
763 2406 889 2446 pocula
915 2404 949 2437 C.
976 2423 1021 2427 —
1043 2404 1105 2443 43,
1132 2403 1153 2437 3
1178 2407 1250 2437 suis
1277 2416 1297 2437 a
1321 2409 1485 2448 quattuor
1502 2406 1545 2437 D.
1564 2420 1606 2425 ·-

47 2449 108 2488 5a,
134 2448 155 2482 3
179 2451 305 2493 quibus
331 2451 421 2491 perit
444 2449 547 2481 homo
572 2451 685 2481 tribus
711 2451 752 2481 A.
778 2467 819 2472 —
847 2449 909 2485 51),
938 2449 953 2481 1
974 2452 1146 2490 Quattuor
1172 2462 1231 2493 per
1255 2452 1367 2482 crucis
1385 2461 1515 2482 cornua
1533 2451 1606 2482 AD.

44 2514 89 2517 —
113 2495 176 2535 63,
202 2495 222 2527 2
248 2496 430 2528 Sunanitis
455 2495 494 2526 A.
521 2513 565 2516 —
590 2493 649 2533 73,
678 2494 694 2526 1
723 2496 816 2527 Hinc
841 2500 954 2527 arctos
980 2497 1011 2528 D
1048 2514 1091 2517 —-
1118 2495 1176 2536 73,
1195 2495 1215 2528 2
1241 2498 1362 2528 mesim
1388 2497 1430 2527 D.
1449 2515 1491 2518 —
1510 2494 1571 2535 83,
1589 2494 1609 2527 2

44 2541 135 2583 quod
162 2542 205 2573 ad
229 2546 263 2573 te
288 2542 330 2572 D.
357 2558 400 2562 —
425 2538 487 2579 83,
510 2538 530 2572 3
557 2540 769 2582 quadrifidae
795 2541 932 2573 ADEF.
958 2560 1000 2562 —
1032 2539 1094 2580 83,
1121 2541 1141 2573 5
1166 2544 1201 2573 iu
1227 2544 1342 2584 patria
1366 2542 1407 2573 Ε.
1433 2559 1477 2562 —
1502 2540 1563 2579 9a,
1589 2539 1609 2572 2

45 2597 122 2618 eum
147 2591 185 2618 tu
209 2587 252 2618 D.
278 2603 320 2607 —
345 2584 407 2625 912,
446 2585 461 2617 1
489 2588 538 2618 Te
564 2586 748 2618 adoramus
774 2588 848 2617 AD.
874 2604 918 2608 —
947 2585 1026 2625 113,
1053 2585 1073 2618 2
1099 2592 1132 2619 et
1156 2588 1243 2619 fehlt
1266 2589 1308 2619 D.
1336 2606 1377 2609 —-
1407 2585 1486 2624 lla,
1512 2585 1532 2618 3
1559 2597 1609 2627 sq.

45 2642 114 2673 qua
140 2636 296 2664 monetas
320 2642 383 2663 nos
411 2632 588 2674 dragmam
618 2633 724 2671 ΑΕΚ,
752 2642 855 2672 quam
881 2636 1052 2664 monetam
1078 2644 1142 2664 nos
1167 2634 1312 2675 (lragma
1336 2634 1378 2664 D.
1405 2651 1447 2654 —
1477 2630 1514 2663 11
1530 2633 1560 2666 b.
1587 2630 1609 2662 4

47 2687 232 2719 agnoscere
269 2677 371 2709 DEF.
405 2696 447 2700 —-
485 2676 565 2715 123,
602 2676 616 2708 1
652 2678 823 2709 Dominus
856 2688 1001 2718 quorum
1038 2689 1073 2709 es
1099 2679 1235 2710 BDEF.
1274 2696 1300 2699 -
1333 2676 1413 2715 123,
1441 2675 1461 2709 3
1487 2680 1522 2708 tu
1549 2678 1608 2717 qui

49 2722 143 2754 Deus
175 2723 319 2759 BDEF;
354 2723 390 2753 in
423 2734 491 2764 quo
525 2724 620 2754 Deus
654 2723 691 2754 C.
727 2740 766 2743 —
803 2721 886 2762 12b,
919 2721 941 2754 4
973 2734 1138 2765 reparans
1172 2724 1274 2755 DEF.
1302 2741 1343 2744 -—
1372 2721 1454 2761 131),
1480 2721 1500 2753 3
1526 2724 1607 2753 vino

46 2767 146 2800 ABC.
171 2785 215 2789 —--
243 2766 325 2806 131),
351 2766 372 2799 3
396 2770 570 2809 germinas
596 2768 695 2800 ΑΒΘ.
723 2785 756 2788 ——
792 2766 832 2799 14
842 2778 872 2805 a,
891 2766 912 2799 2
929 2779 996 2810 quo
1016 2773 1074 2800 tuo
1093 2769 1197 2800 DEF.
1215 2787 1259 2790 —
1278 2767 1360 2803 141),
1381 2766 1400 2798 2
1417 2768 1607 2808 revirgines

46 2811 95 2843 fili
120 2812 222 2844 DEF.
248 2830 293 2834 —-
322 2811 360 2844 14
372 2814 403 2852 b,
429 2812 621 2855 3‘vi1·ginis
648 2814 741 2845 Deus
767 2813 845 2853 ΕΡ,
872 2814 1051 2846 benedicte
1076 2815 1119 2846 D.
