<?xml version="1.0" encoding="UTF-8"?>
<!DOCTYPE html PUBLIC "-//W3C//DTD XHTML 1.0 Transitional//EN"
    "http://www.w3.org/TR/xhtml1/DTD/xhtml1-transitional.dtd">
<html xmlns="http://www.w3.org/1999/xhtml" xml:lang="en" lang="en">
 <head>
  <title>
</title>
<meta http-equiv="Content-Type" content="text/html;charset=utf-8" />
  <meta name='ocr-system' content='tesseract 3.04.00' />
  <meta name='ocr-capabilities' content='ocr_page ocr_carea ocr_par ocr_line ocrx_word'/>
</head>
<body>
  <div class='ocr_page' id='page_1' title='image "./analectahymnicam50drevuoft/analectahymnicam50drevuoft_0189.png"; bbox 0 0 1785 3111; ppageno 0'>
   <div class='ocr_carea' id='block_1_1' title="bbox 85 186 695 404">
    <p class='ocr_par' dir='ltr' id='par_1_1' title="bbox 85 186 671 226">
     <span class='ocr_line' id='line_1_1' title="bbox 85 186 671 226; baseline -0.005 0"><span class='ocrx_word' id='word_1_1' title='bbox 85 189 123 226; x_wconf 88' lang='lat'>3.</span> <span class='ocrx_word' id='word_1_2' title='bbox 153 187 290 224; x_wconf 83' lang='lat' dir='ltr'>Exstet</span> <span class='ocrx_word' id='word_1_3' title='bbox 321 187 506 224; x_wconf 87' lang='lat' dir='ltr'>adventus</span> <span class='ocrx_word' id='word_1_4' title='bbox 537 186 671 224; x_wconf 87' lang='lat' dir='ltr'>beatae</span> 
     </span>
    </p>

    <p class='ocr_par' dir='ltr' id='par_1_2' title="bbox 152 244 695 404">
     <span class='ocr_line' id='line_1_2' title="bbox 210 244 695 290; baseline 0.002 -11"><span class='ocrx_word' id='word_1_5' title='bbox 210 253 309 279; x_wconf 90' lang='lat' dir='ltr'>nunc</span> <span class='ocrx_word' id='word_1_6' title='bbox 339 247 426 280; x_wconf 88' lang='lat' dir='ltr'>tuae</span> <span class='ocrx_word' id='word_1_7' title='bbox 457 244 695 290; x_wconf 87' lang='lat' dir='ltr'>praesentiae</span> 
     </span>
     <span class='ocr_line' id='line_1_3' title="bbox 152 299 630 346; baseline 0 -9"><span class='ocrx_word' id='word_1_8' title='bbox 152 299 300 337; x_wconf 87' lang='lat' dir='ltr'>Gaudio</span> <span class='ocrx_word' id='word_1_9' title='bbox 332 300 465 346; x_wconf 89' lang='lat' dir='ltr'>plenus</span> <span class='ocrx_word' id='word_1_10' title='bbox 497 311 630 337; x_wconf 90' lang='lat' dir='ltr'>sereno</span> 
     </span>
     <span class='ocr_line' id='line_1_4' title="bbox 207 355 616 404; baseline 0.005 -11"><span class='ocrx_word' id='word_1_11' title='bbox 207 360 246 393; x_wconf 88' lang='lat' dir='ltr'>et</span> <span class='ocrx_word' id='word_1_12' title='bbox 275 355 408 394; x_wconf 87' lang='lat' dir='ltr'>favore</span> <span class='ocrx_word' id='word_1_13' title='bbox 438 357 616 404; x_wconf 89' lang='lat' dir='ltr'>simplici.</span> 
     </span>
    </p>
   </div>
   <div class='ocr_carea' id='block_1_2' title="bbox 84 457 749 677">
    <p class='ocr_par' dir='ltr' id='par_1_3' title="bbox 84 457 749 677">
     <span class='ocr_line' id='line_1_5' title="bbox 84 457 670 509; baseline -0.002 -12"><span class='ocrx_word' id='word_1_14' title='bbox 84 461 124 497; x_wconf 90' lang='lat'>4.</span> <span class='ocrx_word' id='word_1_15' title='bbox 155 459 270 508; x_wconf 87' lang='lat' dir='ltr'>Iuste,</span> <span class='ocrx_word' id='word_1_16' title='bbox 306 457 397 495; x_wconf 87' lang='lat' dir='ltr'>felix</span> <span class='ocrx_word' id='word_1_17' title='bbox 429 459 670 509; x_wconf 80' lang='lat' dir='ltr'>etbenigne,</span> 
     </span>
     <span class='ocr_line' id='line_1_6' title="bbox 212 516 596 562; baseline 0.003 -10"><span class='ocrx_word' id='word_1_18' title='bbox 212 516 313 552; x_wconf 89' lang='lat' dir='ltr'>mitis</span> <span class='ocrx_word' id='word_1_19' title='bbox 346 521 382 551; x_wconf 91' lang='lat' dir='ltr'>et</span> <span class='ocrx_word' id='word_1_20' title='bbox 411 516 596 562; x_wconf 81' lang='lat' dir='ltr'>piissime,</span> 
     </span>
     <span class='ocr_line' id='line_1_7' title="bbox 156 572 731 610; baseline 0 -1"><span class='ocrx_word' id='word_1_21' title='bbox 156 572 285 609; x_wconf 88' lang='lat' dir='ltr'>Pande</span> <span class='ocrx_word' id='word_1_22' title='bbox 313 573 448 609; x_wconf 89' lang='lat' dir='ltr'>mentis</span> <span class='ocrx_word' id='word_1_23' title='bbox 480 573 541 609; x_wconf 91' lang='lat' dir='ltr'>hic</span> <span class='ocrx_word' id='word_1_24' title='bbox 571 574 731 610; x_wconf 85' lang='lat' dir='ltr'>nitorem</span> 
     </span>
     <span class='ocr_line' id='line_1_8' title="bbox 211 630 749 677; baseline 0.004 -11"><span class='ocrx_word' id='word_1_25' title='bbox 211 635 341 666; x_wconf 88' lang='lat' dir='ltr'>nostra</span> <span class='ocrx_word' id='word_1_26' title='bbox 373 630 564 676; x_wconf 87' lang='lat' dir='ltr'>complens</span> <span class='ocrx_word' id='word_1_27' title='bbox 598 630 749 677; x_wconf 83' lang='lat' dir='ltr'>gaudia.</span> 
     </span>
    </p>
   </div>
   <div class='ocr_carea' id='block_1_3' title="bbox 86 732 762 949">
    <p class='ocr_par' dir='ltr' id='par_1_4' title="bbox 86 732 762 949">
     <span class='ocr_line' id='line_1_9' title="bbox 86 732 762 779; baseline -0.001 -9"><span class='ocrx_word' id='word_1_28' title='bbox 86 734 126 770; x_wconf 88' lang='lat'>5.</span> <span class='ocrx_word' id='word_1_29' title='bbox 159 732 266 777; x_wconf 79' lang='lat' dir='ltr'>Quod</span> <span class='ocrx_word' id='word_1_30' title='bbox 298 732 421 768; x_wconf 89' lang='lat' dir='ltr'>minus</span> <span class='ocrx_word' id='word_1_31' title='bbox 451 733 563 779; x_wconf 79' lang='lat' dir='ltr'>digne</span> <span class='ocrx_word' id='word_1_32' title='bbox 594 733 762 770; x_wconf 83' lang='lat' dir='ltr'>valemus</span> 
     </span>
     <span class='ocr_line' id='line_1_10' title="bbox 211 789 568 835; baseline 0.006 -11"><span class='ocrx_word' id='word_1_33' title='bbox 211 789 394 826; x_wconf 76' lang='lat' dir='ltr'>servitute</span> <span class='ocrx_word' id='word_1_34' title='bbox 425 789 568 835; x_wconf 82' lang='lat' dir='ltr'>debita,</span> 
     </span>
     <span class='ocr_line' id='line_1_11' title="bbox 156 845 645 883; baseline 0.002 -1"><span class='ocrx_word' id='word_1_35' title='bbox 156 845 240 882; x_wconf 92' lang='lat' dir='ltr'>Hoc</span> <span class='ocrx_word' id='word_1_36' title='bbox 271 847 324 882; x_wconf 90' lang='lat' dir='ltr'>tui</span> <span class='ocrx_word' id='word_1_37' title='bbox 358 846 471 882; x_wconf 88' lang='lat' dir='ltr'>donet</span> <span class='ocrx_word' id='word_1_38' title='bbox 502 845 645 883; x_wconf 82' lang='lat' dir='ltr'>favoris</span> 
     </span>
     <span class='ocr_line' id='line_1_12' title="bbox 211 902 617 949; baseline 0.005 -11"><span class='ocrx_word' id='word_1_39' title='bbox 211 902 310 939; x_wconf 87' lang='lat' dir='ltr'>laeta</span> <span class='ocrx_word' id='word_1_40' title='bbox 342 902 450 939; x_wconf 86' lang='lat' dir='ltr'>nobis</span> <span class='ocrx_word' id='word_1_41' title='bbox 483 903 617 949; x_wconf 86' lang='lat' dir='ltr'>gratia.</span> 
     </span>
    </p>
   </div>
   <div class='ocr_carea' id='block_1_4' title="bbox 83 1004 720 1109">
    <p class='ocr_par' dir='ltr' id='par_1_5' title="bbox 83 1004 720 1109">
     <span class='ocr_line' id='line_1_13' title="bbox 83 1004 674 1055; baseline 0.002 -13"><span class='ocrx_word' id='word_1_42' title='bbox 83 1007 120 1044; x_wconf 82' lang='lat'><strong>6.</strong></span> <span class='ocrx_word' id='word_1_43' title='bbox 154 1004 309 1055; x_wconf 87' lang='lat' dir='ltr'>Sancta,</span> <span class='ocrx_word' id='word_1_44' title='bbox 343 1005 515 1052; x_wconf 83' lang='lat' dir='ltr'>Lothari,</span> <span class='ocrx_word' id='word_1_45' title='bbox 548 1006 674 1043; x_wconf 85' lang='lat' dir='ltr'>Maria</span> 
     </span>
     <span class='ocr_line' id='line_1_14' title="bbox 210 1061 720 1109; baseline 0.002 -11"><span class='ocrx_word' id='word_1_46' title='bbox 210 1062 318 1109; x_wconf 88' lang='lat' dir='ltr'>virgo</span> <span class='ocrx_word' id='word_1_47' title='bbox 349 1065 388 1098; x_wconf 91' lang='lat' dir='ltr'>te</span> <span class='ocrx_word' id='word_1_48' title='bbox 420 1073 502 1098; x_wconf 89' lang='lat' dir='ltr'>cum</span> <span class='ocrx_word' id='word_1_49' title='bbox 536 1061 720 1099; x_wconf 87' lang='lat' dir='ltr'>fratribus</span> 
     </span>
    </p>
   </div>
   <div class='ocr_carea' id='block_1_5' title="bbox 152 1118 772 1166">
    <p class='ocr_par' dir='ltr' id='par_1_6' title="bbox 152 1118 772 1166">
     <span class='ocr_line' id='line_1_15' title="bbox 152 1118 772 1166; baseline 0.003 -12"><span class='ocrx_word' id='word_1_50' title='bbox 152 1118 203 1155; x_wconf 83' lang='lat' dir='ltr'>Et</span> <span class='ocrx_word' id='word_1_51' title='bbox 234 1119 347 1155; x_wconf 89' lang='lat' dir='ltr'>simul</span> <span class='ocrx_word' id='word_1_52' title='bbox 381 1130 465 1156; x_wconf 86' lang='lat' dir='ltr'>cum</span> <span class='ocrx_word' id='word_1_53' title='bbox 497 1124 607 1166; x_wconf 86' lang='lat' dir='ltr'>patre</span> <span class='ocrx_word' id='word_1_54' title='bbox 638 1130 772 1166; x_wconf 81' lang='lat' dir='ltr'>magno</span> 
     </span>
    </p>
   </div>
   <div class='ocr_carea' id='block_1_6' title="bbox 212 1181 737 1227">
    <p class='ocr_par' dir='ltr' id='par_1_7' title="bbox 212 1181 737 1227">
     <span class='ocr_line' id='line_1_16' title="bbox 212 1181 737 1227; baseline 0.01 -16"><span class='ocrx_word' id='word_1_55' title='bbox 212 1182 350 1225; x_wconf 85' lang='lat' dir='ltr'>servet,</span> <span class='ocrx_word' id='word_1_56' title='bbox 384 1181 516 1227; x_wconf 78' lang='lat' dir='ltr'>armet,</span> <span class='ocrx_word' id='word_1_57' title='bbox 550 1181 737 1224; x_wconf 82' lang='lat' dir='ltr'>protegat.</span> 
     </span>
    </p>
   </div>
   <div class='ocr_carea' id='block_1_7' title="bbox 808 72 885 114">
    <p class='ocr_par' dir='ltr' id='par_1_8' title="bbox 808 72 885 114">
     <span class='ocr_line' id='line_1_17' title="bbox 808 72 885 114; baseline 0.026 -2"><span class='ocrx_word' id='word_1_58' title='bbox 808 72 885 114; x_wconf 78' lang='lat'>177</span> 
     </span>
    </p>
   </div>
   <div class='ocr_carea' id='block_1_8' title="bbox 932 188 1635 405">
    <p class='ocr_par' dir='ltr' id='par_1_9' title="bbox 932 188 1635 405">
     <span class='ocr_line' id='line_1_18' title="bbox 932 188 1552 227; baseline -0.003 -1"><span class='ocrx_word' id='word_1_59' title='bbox 932 188 968 227; x_wconf 84' lang='lat'><strong>7.</strong></span> <span class='ocrx_word' id='word_1_60' title='bbox 999 188 1051 226; x_wconf 88' lang='lat' dir='ltr'>Et</span> <span class='ocrx_word' id='word_1_61' title='bbox 1082 188 1221 225; x_wconf 86' lang='lat' dir='ltr'>Valens</span> <span class='ocrx_word' id='word_1_62' title='bbox 1252 188 1399 225; x_wconf 85' lang='lat' dir='ltr'>iunctus</span> <span class='ocrx_word' id='word_1_63' title='bbox 1431 188 1552 225; x_wconf 87' lang='lat' dir='ltr'>beatis</span> 
     </span>
     <span class='ocr_line' id='line_1_19' title="bbox 1057 245 1553 292; baseline -0.002 -11"><span class='ocrx_word' id='word_1_64' title='bbox 1057 245 1128 281; x_wconf 90' lang='lat' dir='ltr'>hoc</span> <span class='ocrx_word' id='word_1_65' title='bbox 1157 250 1336 292; x_wconf 83' lang='lat' dir='ltr'>precetur</span> <span class='ocrx_word' id='word_1_66' title='bbox 1367 245 1553 290; x_wconf 87' lang='lat' dir='ltr'>omnibus,</span> 
     </span>
     <span class='ocr_line' id='line_1_20' title="bbox 1003 302 1635 349; baseline -0.002 -11"><span class='ocrx_word' id='word_1_67' title='bbox 1003 302 1142 338; x_wconf 85' lang='lat' dir='ltr'>Vestra</span> <span class='ocrx_word' id='word_1_68' title='bbox 1173 313 1248 349; x_wconf 82' lang='lat' dir='ltr'>pax</span> <span class='ocrx_word' id='word_1_69' title='bbox 1281 307 1321 339; x_wconf 79' lang='lat' dir='ltr'>ut</span> <span class='ocrx_word' id='word_1_70' title='bbox 1353 312 1448 348; x_wconf 86' lang='lat' dir='ltr'>pace</span> <span class='ocrx_word' id='word_1_71' title='bbox 1480 306 1635 338; x_wconf 86' lang='lat' dir='ltr'>cunctos</span> 
     </span>
     <span class='ocr_line' id='line_1_21' title="bbox 1058 358 1519 405; baseline 0.002 -10"><span class='ocrx_word' id='word_1_72' title='bbox 1058 358 1185 395; x_wconf 84' lang='lat' dir='ltr'>firmet</span> <span class='ocrx_word' id='word_1_73' title='bbox 1215 363 1304 405; x_wconf 87' lang='lat' dir='ltr'>apta</span> <span class='ocrx_word' id='word_1_74' title='bbox 1335 359 1519 396; x_wconf 87' lang='lat' dir='ltr'>subditos.</span> 
     </span>
    </p>
   </div>
   <div class='ocr_carea' id='block_1_9' title="bbox 933 460 1586 669">
    <p class='ocr_par' dir='ltr' id='par_1_10' title="bbox 933 460 1586 669">
     <span class='ocr_line' id='line_1_22' title="bbox 933 460 1572 508; baseline -0.005 -9"><span class='ocrx_word' id='word_1_75' title='bbox 933 462 971 499; x_wconf 78' lang='lat'><strong>8.</strong></span> <span class='ocrx_word' id='word_1_76' title='bbox 1004 462 1125 507; x_wconf 91' lang='lat' dir='ltr'>Intus,</span> <span class='ocrx_word' id='word_1_77' title='bbox 1159 464 1278 508; x_wconf 74' lang='lat' dir='ltr'>extra,</span> <span class='ocrx_word' id='word_1_78' title='bbox 1310 461 1433 507; x_wconf 73' lang='lat' dir='ltr'>longe,</span> <span class='ocrx_word' id='word_1_79' title='bbox 1467 460 1572 496; x_wconf 84' lang='lat' dir='ltr'>iuxta</span> 
     </span>
     <span class='ocr_line' id='line_1_23' title="bbox 1061 515 1452 564; baseline 0.005 -12"><span class='ocrx_word' id='word_1_80' title='bbox 1061 515 1205 564; x_wconf 85' lang='lat' dir='ltr'>fulgeat</span> <span class='ocrx_word' id='word_1_81' title='bbox 1237 518 1452 564; x_wconf 86' lang='lat' dir='ltr'>concordia,</span> 
     </span>
     <span class='ocr_line' id='line_1_24' title="bbox 1003 573 1586 621; baseline 0 -11"><span class='ocrx_word' id='word_1_82' title='bbox 1003 573 1110 611; x_wconf 88' lang='lat' dir='ltr'>Brito</span> <span class='ocrx_word' id='word_1_83' title='bbox 1144 574 1256 610; x_wconf 82' lang='lat' dir='ltr'>cedat</span> <span class='ocrx_word' id='word_1_84' title='bbox 1289 579 1400 620; x_wconf 85' lang='lat' dir='ltr'>atque</span> <span class='ocrx_word' id='word_1_85' title='bbox 1432 574 1586 621; x_wconf 82' lang='lat' dir='ltr'>Bulgar,</span> 
     </span>
     <span class='ocr_line' id='line_1_25' title="bbox 1059 631 1538 669; baseline 0.006 -3"><span class='ocrx_word' id='word_1_86' title='bbox 1059 631 1180 667; x_wconf 88' lang='lat' dir='ltr'>omnis</span> <span class='ocrx_word' id='word_1_87' title='bbox 1214 631 1331 668; x_wconf 84' lang='lat' dir='ltr'>ardor</span> <span class='ocrx_word' id='word_1_88' title='bbox 1362 631 1538 669; x_wconf 87' lang='lat' dir='ltr'>hostium.</span> 
     </span>
    </p>
   </div>
   <div class='ocr_carea' id='block_1_10' title="bbox 932 733 1552 950">
    <p class='ocr_par' dir='ltr' id='par_1_11' title="bbox 932 733 1552 950">
     <span class='ocr_line' id='line_1_26' title="bbox 932 733 1529 780; baseline -0.002 -10"><span class='ocrx_word' id='word_1_89' title='bbox 932 734 971 770; x_wconf 87' lang='lat'><strong>9.</strong></span> <span class='ocrx_word' id='word_1_90' title='bbox 1005 733 1105 780; x_wconf 87' lang='lat' dir='ltr'>Vita,</span> <span class='ocrx_word' id='word_1_91' title='bbox 1140 733 1260 770; x_wconf 86' lang='lat' dir='ltr'>virtus</span> <span class='ocrx_word' id='word_1_92' title='bbox 1294 738 1330 769; x_wconf 86' lang='lat' dir='ltr'>et</span> <span class='ocrx_word' id='word_1_93' title='bbox 1361 738 1529 779; x_wconf 87' lang='lat' dir='ltr'>potestas</span> 
     </span>
     <span class='ocr_line' id='line_1_27' title="bbox 1058 789 1443 834; baseline 0 -8"><span class='ocrx_word' id='word_1_94' title='bbox 1058 789 1175 826; x_wconf 86' lang='lat' dir='ltr'>robur</span> <span class='ocrx_word' id='word_1_95' title='bbox 1205 795 1240 826; x_wconf 90' lang='lat' dir='ltr'>et</span> <span class='ocrx_word' id='word_1_96' title='bbox 1272 791 1443 834; x_wconf 74' lang='lat' dir='ltr'>victoria,</span> 
     </span>
     <span class='ocr_line' id='line_1_28' title="bbox 1000 845 1552 893; baseline 0.002 -11"><span class='ocrx_word' id='word_1_97' title='bbox 1000 845 1119 883; x_wconf 85' lang='lat' dir='ltr'>Fama</span> <span class='ocrx_word' id='word_1_98' title='bbox 1152 845 1245 883; x_wconf 80' lang='lat' dir='ltr'>felix</span> <span class='ocrx_word' id='word_1_99' title='bbox 1277 853 1314 882; x_wconf 85' lang='lat' dir='ltr'>te</span> <span class='ocrx_word' id='word_1_100' title='bbox 1346 851 1552 893; x_wconf 86' lang='lat' dir='ltr'>sequantur</span> 
     </span>
     <span class='ocr_line' id='line_1_29' title="bbox 1057 904 1519 950; baseline 0.002 -10"><span class='ocrx_word' id='word_1_101' title='bbox 1057 908 1171 950; x_wconf 87' lang='lat' dir='ltr'>atque</span> <span class='ocrx_word' id='word_1_102' title='bbox 1203 904 1304 941; x_wconf 77' lang='lat' dir='ltr'>vitae</span> <span class='ocrx_word' id='word_1_103' title='bbox 1336 904 1519 949; x_wconf 86' lang='lat' dir='ltr'>praemia.</span> 
     </span>
    </p>
   </div>
   <div class='ocr_carea' id='block_1_11' title="bbox 905 1005 1573 1223">
    <p class='ocr_par' dir='ltr' id='par_1_12' title="bbox 905 1005 1551 1112">
     <span class='ocr_line' id='line_1_30' title="bbox 905 1005 1551 1044; baseline 0 -2"><span class='ocrx_word' id='word_1_104' title='bbox 905 1006 969 1044; x_wconf 90' lang='grc'>10.</span> <span class='ocrx_word' id='word_1_105' title='bbox 1005 1005 1157 1043; x_wconf 86' lang='lat' dir='ltr'>Summa</span> <span class='ocrx_word' id='word_1_106' title='bbox 1189 1017 1355 1043; x_wconf 81' lang='lat' dir='ltr'>summae</span> <span class='ocrx_word' id='word_1_107' title='bbox 1386 1007 1551 1043; x_wconf 81' lang='lat' dir='ltr'>trinitati</span> 
     </span>
     <span class='ocr_line' id='line_1_31' title="bbox 1059 1063 1537 1112; baseline 0.002 -13"><span class='ocrx_word' id='word_1_108' title='bbox 1059 1063 1107 1099; x_wconf 85' lang='lat' dir='ltr'>sit</span> <span class='ocrx_word' id='word_1_109' title='bbox 1139 1074 1209 1109; x_wconf 86' lang='lat' dir='ltr'>per</span> <span class='ocrx_word' id='word_1_110' title='bbox 1239 1074 1373 1100; x_wconf 85' lang='lat' dir='ltr'>aevum</span> <span class='ocrx_word' id='word_1_111' title='bbox 1404 1063 1537 1112; x_wconf 77' lang='lat' dir='ltr'>gloria,</span> 
     </span>
    </p>

    <p class='ocr_par' dir='ltr' id='par_1_13' title="bbox 1002 1120 1573 1166">
     <span class='ocr_line' id='line_1_32' title="bbox 1002 1120 1573 1166; baseline 0 -10"><span class='ocrx_word' id='word_1_112' title='bbox 1002 1120 1105 1165; x_wconf 81' lang='lat' dir='ltr'>Quae</span> <span class='ocrx_word' id='word_1_113' title='bbox 1137 1120 1320 1166; x_wconf 80' lang='lat' dir='ltr'>gubernet</span> <span class='ocrx_word' id='word_1_114' title='bbox 1352 1125 1389 1156; x_wconf 89' lang='lat' dir='ltr'>et</span> <span class='ocrx_word' id='word_1_115' title='bbox 1419 1124 1573 1156; x_wconf 85' lang='lat' dir='ltr'>coronet</span> 
     </span>
    </p>

    <p class='ocr_par' dir='ltr' id='par_1_14' title="bbox 1059 1178 1569 1223">
     <span class='ocr_line' id='line_1_33' title="bbox 1059 1178 1569 1223; baseline 0 -10"><span class='ocrx_word' id='word_1_116' title='bbox 1059 1187 1128 1223; x_wconf 86' lang='lat' dir='ltr'>per</span> <span class='ocrx_word' id='word_1_117' title='bbox 1161 1184 1198 1214; x_wconf 87' lang='lat' dir='ltr'>te</span> <span class='ocrx_word' id='word_1_118' title='bbox 1229 1188 1337 1213; x_wconf 88' lang='lat' dir='ltr'>omne</span> <span class='ocrx_word' id='word_1_119' title='bbox 1366 1178 1569 1218; x_wconf 82' lang='lat' dir='ltr'>saeculum,</span> 
     </span>
    </p>
   </div>
   <div class='ocr_carea' id='block_1_12' title="bbox 164 1263 1637 1308">
    <p class='ocr_par' dir='ltr' id='par_1_15' title="bbox 164 1263 1637 1308">
     <span class='ocr_line' id='line_1_34' title="bbox 164 1263 1637 1308; baseline 0.001 -13"><span class='ocrx_word' id='word_1_120' title='bbox 164 1264 246 1296; x_wconf 86' lang='lat' dir='ltr'><strong>Cod.</strong></span> <span class='ocrx_word' id='word_1_121' title='bbox 275 1266 431 1297; x_wconf 86' lang='lat' dir='ltr'>Vatican.</span> <span class='ocrx_word' id='word_1_122' title='bbox 457 1267 543 1308; x_wconf 80' lang='lat' dir='ltr'>Reg.</span> <span class='ocrx_word' id='word_1_123' title='bbox 569 1263 645 1297; x_wconf 85' lang='lat'><strong>469.</strong></span> <span class='ocrx_word' id='word_1_124' title='bbox 671 1266 728 1305; x_wconf 91' lang='lat' dir='ltr'>(ol.</span> <span class='ocrx_word' id='word_1_125' title='bbox 747 1265 962 1307; x_wconf 80' lang='lat' dir='ltr'>Sangallen.)</span> <span class='ocrx_word' id='word_1_126' title='bbox 986 1276 1075 1297; x_wconf 86' lang='lat' dir='ltr'>saec.</span> <span class='ocrx_word' id='word_1_127' title='bbox 1093 1264 1126 1297; x_wconf 91' lang='lat'><strong>9.</strong></span> <span class='ocrx_word' id='word_1_128' title='bbox 1145 1277 1197 1298; x_wconf 80' lang='lat' dir='ltr'>ex.</span> <span class='ocrx_word' id='word_1_129' title='bbox 1217 1267 1256 1297; x_wconf 92' lang='lat' dir='ltr'>A.</span> <span class='ocrx_word' id='word_1_130' title='bbox 1276 1283 1320 1287; x_wconf 93' lang='lat'>—</span> <span class='ocrx_word' id='word_1_131' title='bbox 1337 1267 1420 1298; x_wconf 73' lang='lat' dir='ltr'><strong>Cod.</strong></span> <span class='ocrx_word' id='word_1_132' title='bbox 1436 1267 1637 1308; x_wconf 78' lang='lat' dir='ltr'>Sangallen.</span> 
     </span>
    </p>
   </div>
   <div class='ocr_carea' id='block_1_13' title="bbox 70 1307 1639 1440">
    <p class='ocr_par' dir='ltr' id='par_1_16' title="bbox 70 1307 1639 1440">
     <span class='ocr_line' id='line_1_35' title="bbox 72 1307 1637 1353; baseline 0.001 -12"><span class='ocrx_word' id='word_1_133' title='bbox 72 1307 148 1342; x_wconf 84' lang='lat'><strong>899.</strong></span> <span class='ocrx_word' id='word_1_134' title='bbox 175 1320 263 1342; x_wconf 75' lang='lat' dir='ltr'>saeC.</span> <span class='ocrx_word' id='word_1_135' title='bbox 290 1308 361 1343; x_wconf 75' lang='lat' dir='ltr'><strong>9s10.</strong></span> <span class='ocrx_word' id='word_1_136' title='bbox 390 1313 426 1343; x_wconf 89' lang='lat' dir='ltr'><strong>B.</strong></span> <span class='ocrx_word' id='word_1_137' title='bbox 452 1328 495 1333; x_wconf 89' lang='lat'>—</span> <span class='ocrx_word' id='word_1_138' title='bbox 521 1311 551 1349; x_wconf 78' lang='lat'>7,</span> <span class='ocrx_word' id='word_1_139' title='bbox 580 1311 595 1343; x_wconf 85' lang='lat'>1</span> <span class='ocrx_word' id='word_1_140' title='bbox 622 1312 754 1343; x_wconf 84' lang='lat' dir='ltr'>Valens</span> <span class='ocrx_word' id='word_1_141' title='bbox 772 1312 827 1342; x_wconf 82' lang='lat' dir='ltr'>fiir</span> <span class='ocrx_word' id='word_1_142' title='bbox 851 1312 1071 1347; x_wconf 75' lang='lat' dir='ltr'>Valentinus,</span> <span class='ocrx_word' id='word_1_143' title='bbox 1094 1312 1218 1343; x_wconf 80' lang='lat' dir='ltr'>dessen</span> <span class='ocrx_word' id='word_1_144' title='bbox 1244 1312 1431 1353; x_wconf 84' lang='lat' dir='ltr'>Reliquien</span> <span class='ocrx_word' id='word_1_145' title='bbox 1456 1310 1522 1344; x_wconf 71' lang='grc'><strong>830</strong></span> <span class='ocrx_word' id='word_1_146' title='bbox 1548 1312 1637 1343; x_wconf 86' lang='lat' dir='ltr'>nach</span> 
     </span>
     <span class='ocr_line' id='line_1_36' title="bbox 70 1354 1639 1400; baseline 0.001 -13"><span class='ocrx_word' id='word_1_147' title='bbox 70 1355 271 1388; x_wconf 83' lang='lat' dir='ltr'>Reiehenau</span> <span class='ocrx_word' id='word_1_148' title='bbox 304 1356 440 1388; x_wconf 85' lang='lat' dir='ltr'>kamen.</span> <span class='ocrx_word' id='word_1_149' title='bbox 467 1376 509 1380; x_wconf 79' lang='lat'>——</span> <span class='ocrx_word' id='word_1_150' title='bbox 535 1356 566 1396; x_wconf 85' lang='lat'>7,</span> <span class='ocrx_word' id='word_1_151' title='bbox 592 1354 613 1388; x_wconf 80' lang='lat'>3</span> <span class='ocrx_word' id='word_1_152' title='bbox 638 1361 761 1388; x_wconf 85' lang='lat' dir='ltr'>cuntos</span> <span class='ocrx_word' id='word_1_153' title='bbox 787 1358 825 1389; x_wconf 90' lang='lat' dir='ltr'><strong>B.</strong></span> <span class='ocrx_word' id='word_1_154' title='bbox 851 1374 894 1379; x_wconf 88' lang='lat'>—-</span> <span class='ocrx_word' id='word_1_155' title='bbox 920 1355 950 1395; x_wconf 79' lang='lat'>8,</span> <span class='ocrx_word' id='word_1_156' title='bbox 980 1356 994 1388; x_wconf 91' lang='grc'>1</span> <span class='ocrx_word' id='word_1_157' title='bbox 1022 1358 1091 1389; x_wconf 82' lang='lat' dir='ltr'>late</span> <span class='ocrx_word' id='word_1_158' title='bbox 1117 1359 1215 1389; x_wconf 78' lang='lat' dir='ltr'>iuxta</span> <span class='ocrx_word' id='word_1_159' title='bbox 1239 1359 1279 1389; x_wconf 90' lang='lat' dir='ltr'>A.</span> <span class='ocrx_word' id='word_1_160' title='bbox 1305 1375 1349 1379; x_wconf 88' lang='lat'>——</span> <span class='ocrx_word' id='word_1_161' title='bbox 1375 1357 1405 1397; x_wconf 87' lang='lat'>9,</span> <span class='ocrx_word' id='word_1_162' title='bbox 1432 1356 1452 1389; x_wconf 72' lang='lat'><strong>3</strong></span> <span class='ocrx_word' id='word_1_163' title='bbox 1474 1362 1639 1400; x_wconf 77' lang='lat' dir='ltr'>sequatur</span> 
     </span>
     <span class='ocr_line' id='line_1_37' title="bbox 70 1400 871 1440; baseline 0.002 -8"><span class='ocrx_word' id='word_1_164' title='bbox 70 1402 140 1435; x_wconf 85' lang='lat' dir='ltr'><strong>AB.</strong></span> <span class='ocrx_word' id='word_1_165' title='bbox 167 1420 208 1423; x_wconf 95' lang='lat'>—</span> <span class='ocrx_word' id='word_1_166' title='bbox 238 1400 288 1440; x_wconf 84' lang='lat'>10,</span> <span class='ocrx_word' id='word_1_167' title='bbox 316 1400 332 1433; x_wconf 92' lang='grc'>1</span> <span class='ocrx_word' id='word_1_168' title='bbox 360 1403 502 1435; x_wconf 83' lang='lat' dir='ltr'>Summa</span> <span class='ocrx_word' id='word_1_169' title='bbox 527 1403 630 1434; x_wconf 85' lang='lat' dir='ltr'>laude</span> <span class='ocrx_word' id='word_1_170' title='bbox 655 1404 805 1434; x_wconf 78' lang='lat' dir='ltr'>trinitati</span> <span class='ocrx_word' id='word_1_171' title='bbox 830 1404 871 1434; x_wconf 82' lang='lat' dir='ltr'><strong>A.</strong></span> 
     </span>
    </p>
   </div>
   <div class='ocr_carea' id='block_1_14' title="bbox 320 1548 1401 1593">
    <p class='ocr_par' dir='ltr' id='par_1_17' title="bbox 320 1548 1401 1593">
     <span class='ocr_line' id='line_1_38' title="bbox 320 1548 1401 1593; baseline 0.003 -11"><span class='ocrx_word' id='word_1_172' title='bbox 320 1548 401 1584; x_wconf 82' lang='lat'><strong>130.</strong></span> <span class='ocrx_word' id='word_1_173' title='bbox 438 1549 448 1586; x_wconf 81' lang='lat' dir='ltr'>s</span> <span class='ocrx_word' id='word_1_174' title='bbox 454 1548 520 1588; x_wconf 90' lang='lat'><strong>10.)</strong></span> <span class='ocrx_word' id='word_1_175' title='bbox 555 1549 600 1583; x_wconf 83' lang='grc'>111</span> <span class='ocrx_word' id='word_1_176' title='bbox 625 1548 806 1584; x_wconf 76' lang='lat' dir='ltr'>Adventu</span> <span class='ocrx_word' id='word_1_177' title='bbox 833 1548 986 1593; x_wconf 85' lang='lat' dir='ltr'>Caroli,</span> <span class='ocrx_word' id='word_1_178' title='bbox 1012 1549 1089 1583; x_wconf 86' lang='lat' dir='ltr'>filii</span> <span class='ocrx_word' id='word_1_179' title='bbox 1115 1550 1401 1592; x_wconf 71' lang='lat' dir='ltr'>Augustorum.</span> 
     </span>
    </p>
   </div>
   <div class='ocr_carea' id='block_1_15' title="bbox 490 1655 1187 1752">
    <p class='ocr_par' dir='ltr' id='par_1_18' title="bbox 490 1655 1187 1752">
     <span class='ocr_line' id='line_1_39' title="bbox 490 1655 1187 1702; baseline -0.003 -8"><span class='ocrx_word' id='word_1_180' title='bbox 490 1655 535 1694; x_wconf 91' lang='lat' dir='ltr'>R.</span> <span class='ocrx_word' id='word_1_181' title='bbox 569 1655 694 1702; x_wconf 80' lang='lat' dir='ltr'>Salve,</span> <span class='ocrx_word' id='word_1_182' title='bbox 726 1666 855 1702; x_wconf 83' lang='lat' dir='ltr'>regum</span> <span class='ocrx_word' id='word_1_183' title='bbox 887 1660 1018 1693; x_wconf 85' lang='lat' dir='ltr'>sancta</span> <span class='ocrx_word' id='word_1_184' title='bbox 1049 1657 1187 1702; x_wconf 81' lang='lat' dir='ltr'>proles,</span> 
     </span>
     <span class='ocr_line' id='line_1_40' title="bbox 630 1712 1080 1752; baseline 0.004 -4"><span class='ocrx_word' id='word_1_185' title='bbox 630 1723 718 1749; x_wconf 87' lang='lat' dir='ltr'>care</span> <span class='ocrx_word' id='word_1_186' title='bbox 750 1712 899 1749; x_wconf 86' lang='lat' dir='ltr'>Christo</span> <span class='ocrx_word' id='word_1_187' title='bbox 932 1712 1080 1752; x_wconf 88' lang='lat' dir='ltr'>Carole.</span> 
     </span>
    </p>
   </div>
   <div class='ocr_carea' id='block_1_16' title="bbox 92 1814 711 2022">
    <p class='ocr_par' dir='ltr' id='par_1_19' title="bbox 92 1814 691 1920">
     <span class='ocr_line' id='line_1_41' title="bbox 92 1814 691 1863; baseline -0.003 -11"><span class='ocrx_word' id='word_1_188' title='bbox 92 1816 126 1852; x_wconf 90' lang='lat'><strong>1.</strong></span> <span class='ocrx_word' id='word_1_189' title='bbox 160 1814 272 1863; x_wconf 88' lang='lat' dir='ltr'>Ecce,</span> <span class='ocrx_word' id='word_1_190' title='bbox 307 1814 403 1851; x_wconf 89' lang='lat' dir='ltr'>votis</span> <span class='ocrx_word' id='word_1_191' title='bbox 434 1818 524 1861; x_wconf 88' lang='lat' dir='ltr'>apta</span> <span class='ocrx_word' id='word_1_192' title='bbox 555 1814 691 1850; x_wconf 83' lang='lat' dir='ltr'>vestris</span> 
     </span>
     <span class='ocr_line' id='line_1_42' title="bbox 217 1868 654 1920; baseline -0.002 -12"><span class='ocrx_word' id='word_1_193' title='bbox 217 1871 321 1909; x_wconf 87' lang='lat' dir='ltr'>venit</span> <span class='ocrx_word' id='word_1_194' title='bbox 352 1868 457 1920; x_wconf 80' lang='lat' dir='ltr'>ho&#39;ra,</span> <span class='ocrx_word' id='word_1_195' title='bbox 488 1871 654 1917; x_wconf 83' lang='lat' dir='ltr'>psallite,</span> 
     </span>
    </p>

    <p class='ocr_par' dir='ltr' id='par_1_20' title="bbox 160 1927 711 2022">
     <span class='ocr_line' id='line_1_43' title="bbox 160 1927 711 1974; baseline -0.002 -9"><span class='ocrx_word' id='word_1_196' title='bbox 160 1927 349 1965; x_wconf 85' lang='lat' dir='ltr'>Gaudium</span> <span class='ocrx_word' id='word_1_197' title='bbox 383 1927 508 1964; x_wconf 90' lang='lat' dir='ltr'>cordis</span> <span class='ocrx_word' id='word_1_198' title='bbox 540 1932 711 1974; x_wconf 81' lang='lat' dir='ltr'>patescat</span> 
     </span>
     <span class='ocr_line' id='line_1_44' title="bbox 216 1984 643 2022; baseline 0.002 -1"><span class='ocrx_word' id='word_1_199' title='bbox 216 1985 391 2022; x_wconf 86' lang='lat' dir='ltr'>claritate</span> <span class='ocrx_word' id='word_1_200' title='bbox 423 1984 643 2022; x_wconf 84' lang='lat' dir='ltr'>carminum.</span> 
     </span>
    </p>
   </div>
   <div class='ocr_carea' id='block_1_17' title="bbox 88 2087 729 2182">
    <p class='ocr_par' dir='ltr' id='par_1_21' title="bbox 88 2087 729 2182">
     <span class='ocr_line' id='line_1_45' title="bbox 88 2087 729 2133; baseline -0.002 -8"><span class='ocrx_word' id='word_1_201' title='bbox 88 2088 126 2125; x_wconf 86' lang='lat'><strong>2.</strong></span> <span class='ocrx_word' id='word_1_202' title='bbox 159 2087 296 2124; x_wconf 73' lang='lat' dir='ltr'>Nullus</span> <span class='ocrx_word' id='word_1_203' title='bbox 327 2087 433 2133; x_wconf 89' lang='lat' dir='ltr'>ordo,</span> <span class='ocrx_word' id='word_1_204' title='bbox 466 2088 572 2125; x_wconf 88' lang='lat' dir='ltr'>nulla</span> <span class='ocrx_word' id='word_1_205' title='bbox 603 2098 729 2124; x_wconf 88' lang='lat' dir='ltr'>rerum</span> 
     </span>
     <span class='ocr_line' id='line_1_46' title="bbox 214 2145 685 2182; baseline 0 -1"><span class='ocrx_word' id='word_1_206' title='bbox 214 2155 312 2181; x_wconf 89' lang='lat' dir='ltr'>nunc</span> <span class='ocrx_word' id='word_1_207' title='bbox 341 2145 497 2181; x_wconf 76' lang='lat' dir='ltr'>silescat</span> <span class='ocrx_word' id='word_1_208' title='bbox 527 2145 685 2182; x_wconf 88' lang='lat' dir='ltr'>vastitas</span> 
     </span>
    </p>
   </div>
   <div class='ocr_carea' id='block_1_18' title="bbox 157 2201 816 2250">
    <p class='ocr_par' dir='ltr' id='par_1_22' title="bbox 157 2201 816 2250">
     <span class='ocr_line' id='line_1_47' title="bbox 157 2201 816 2250; baseline 0.002 -13"><span class='ocrx_word' id='word_1_209' title='bbox 157 2201 267 2238; x_wconf 89' lang='lat' dir='ltr'>Mens</span> <span class='ocrx_word' id='word_1_210' title='bbox 299 2205 336 2237; x_wconf 86' lang='lat' dir='ltr'>et</span> <span class='ocrx_word' id='word_1_211' title='bbox 356 2201 498 2250; x_wconf 79' lang='lat' dir='ltr'>lingua,</span> <span class='ocrx_word' id='word_1_212' title='bbox 532 2212 608 2249; x_wconf 88' lang='lat' dir='ltr'>cor,</span> <span class='ocrx_word' id='word_1_213' title='bbox 641 2202 816 2240; x_wconf 88' lang='lat' dir='ltr'>voluntas</span> 
     </span>
    </p>
   </div>
   <div class='ocr_carea' id='block_1_19' title="bbox 214 2257 757 2305">
    <p class='ocr_par' dir='ltr' id='par_1_23' title="bbox 214 2257 757 2305">
     <span class='ocr_line' id='line_1_48' title="bbox 214 2257 757 2305; baseline -0.002 -11"><span class='ocrx_word' id='word_1_214' title='bbox 214 2257 366 2295; x_wconf 85' lang='lat' dir='ltr'>laudem</span> <span class='ocrx_word' id='word_1_215' title='bbox 401 2258 527 2295; x_wconf 88' lang='lat' dir='ltr'>dando</span> <span class='ocrx_word' id='word_1_216' title='bbox 557 2263 757 2305; x_wconf 88' lang='lat' dir='ltr'>personet:</span> 
     </span>
    </p>
   </div>
   <div class='ocr_carea' id='block_1_20' title="bbox 88 2359 734 2568">
    <p class='ocr_par' dir='ltr' id='par_1_24' title="bbox 88 2359 734 2568">
     <span class='ocr_line' id='line_1_49' title="bbox 88 2359 683 2407; baseline 0.002 -11"><span class='ocrx_word' id='word_1_217' title='bbox 88 2360 125 2397; x_wconf 86' lang='lat'><strong>3.</strong></span> <span class='ocrx_word' id='word_1_218' title='bbox 160 2359 360 2397; x_wconf 84' lang='lat' dir='ltr'>Credimus</span> <span class='ocrx_word' id='word_1_219' title='bbox 391 2371 556 2407; x_wconf 86' lang='lat' dir='ltr'>superna</span> <span class='ocrx_word' id='word_1_220' title='bbox 584 2362 683 2399; x_wconf 89' lang='lat' dir='ltr'>votis</span> 
     </span>
     <span class='ocr_line' id='line_1_50' title="bbox 212 2417 567 2462; baseline 0.003 -9"><span class='ocrx_word' id='word_1_221' title='bbox 212 2417 430 2462; x_wconf 86' lang='lat' dir='ltr'>angelorum</span> <span class='ocrx_word' id='word_1_222' title='bbox 462 2417 567 2454; x_wconf 90' lang='lat' dir='ltr'>milia</span> 
     </span>
     <span class='ocr_line' id='line_1_51' title="bbox 156 2472 734 2522; baseline 0.002 -13"><span class='ocrx_word' id='word_1_223' title='bbox 156 2472 308 2510; x_wconf 75' lang='lat' dir='ltr'>Nostris</span> <span class='ocrx_word' id='word_1_224' title='bbox 340 2474 577 2520; x_wconf 84' lang='lat' dir='ltr'>congaudere</span> <span class='ocrx_word' id='word_1_225' title='bbox 610 2474 734 2522; x_wconf 83' lang='lat' dir='ltr'>digne,</span> 
     </span>
     <span class='ocr_line' id='line_1_52' title="bbox 213 2530 633 2568; baseline 0.002 -2"><span class='ocrx_word' id='word_1_226' title='bbox 213 2536 255 2566; x_wconf 89' lang='lat' dir='ltr'>ut</span> <span class='ocrx_word' id='word_1_227' title='bbox 286 2530 453 2567; x_wconf 87' lang='lat' dir='ltr'>dicamus</span> <span class='ocrx_word' id='word_1_228' title='bbox 485 2531 633 2568; x_wconf 89' lang='lat' dir='ltr'>cernui:</span> 
     </span>
    </p>
   </div>
   <div class='ocr_carea' id='block_1_21' title="bbox 0 2632 711 2739">
    <p class='ocr_par' dir='ltr' id='par_1_25' title="bbox 0 2632 711 2739">
     <span class='ocr_line' id='line_1_53' title="bbox 0 2632 711 2681; baseline 0.003 -13"><span class='ocrx_word' id='word_1_229' title='bbox 0 2678 1 2681; x_wconf 11' lang='grc' dir='ltr'><strong>Ἰ</strong></span> <span class='ocrx_word' id='word_1_230' title='bbox 87 2633 124 2670; x_wconf 88' lang='lat'><strong>4.</strong></span> <span class='ocrx_word' id='word_1_231' title='bbox 156 2633 268 2669; x_wconf 82' lang='lat' dir='ltr'>Anna</span> <span class='ocrx_word' id='word_1_232' title='bbox 298 2637 435 2681; x_wconf 88' lang='lat' dir='ltr'>vatem,</span> <span class='ocrx_word' id='word_1_233' title='bbox 468 2632 563 2670; x_wconf 85' lang='lat' dir='ltr'>Sara</span> <span class='ocrx_word' id='word_1_234' title='bbox 594 2633 711 2670; x_wconf 86' lang='lat' dir='ltr'>risum</span> 
     </span>
     <span class='ocr_line' id='line_1_54' title="bbox 0 2687 638 2739; baseline 0.003 -15"><span class='ocrx_word' id='word_1_235' title='bbox 0 2698 1 2739; x_wconf 37' lang='lat' dir='ltr'>i</span> <span class='ocrx_word' id='word_1_236' title='bbox 215 2700 287 2725; x_wconf 91' lang='lat' dir='ltr'>non</span> <span class='ocrx_word' id='word_1_237' title='bbox 319 2687 419 2726; x_wconf 81' lang='lat' dir='ltr'>fudit</span> <span class='ocrx_word' id='word_1_238' title='bbox 446 2690 638 2738; x_wconf 86' lang='lat' dir='ltr'>libentius,</span> 
     </span>
    </p>
   </div>
   <div class='ocr_carea' id='block_1_22' title="bbox 158 2744 818 2789">
    <p class='ocr_par' dir='ltr' id='par_1_26' title="bbox 158 2744 818 2789">
     <span class='ocr_line' id='line_1_55' title="bbox 158 2744 818 2789; baseline 0.008 -10"><span class='ocrx_word' id='word_1_239' title='bbox 158 2744 274 2789; x_wconf 82' lang='lat' dir='ltr'>Quam</span> <span class='ocrx_word' id='word_1_240' title='bbox 318 2746 364 2783; x_wconf 90' lang='lat' dir='ltr'>de</span> <span class='ocrx_word' id='word_1_241' title='bbox 399 2751 478 2783; x_wconf 91' lang='lat' dir='ltr'>toto</span> <span class='ocrx_word' id='word_1_242' title='bbox 509 2758 608 2783; x_wconf 88' lang='lat' dir='ltr'>nunc</span> <span class='ocrx_word' id='word_1_243' title='bbox 639 2747 818 2784; x_wconf 88' lang='lat' dir='ltr'>tenellum</span> 
     </span>
    </p>
   </div>
   <div class='ocr_carea' id='block_1_23' title="bbox 140 2869 845 2906">
    <p class='ocr_par' dir='ltr' id='par_1_27' title="bbox 140 2869 845 2906">
     <span class='ocr_line' id='line_1_56' title="bbox 140 2869 845 2906; baseline 0.006 -12"><span class='ocrx_word' id='word_1_244' title='bbox 140 2869 164 2894; x_wconf 94' lang='lat' dir='ltr'>D</span> <span class='ocrx_word' id='word_1_245' title='bbox 173 2876 188 2894; x_wconf 91' lang='lat' dir='ltr'>r</span> <span class='ocrx_word' id='word_1_246' title='bbox 196 2877 212 2895; x_wconf 83' lang='lat' dir='ltr'>e</span> <span class='ocrx_word' id='word_1_247' title='bbox 221 2878 240 2895; x_wconf 82' lang='lat' dir='ltr'>v</span> <span class='ocrx_word' id='word_1_248' title='bbox 249 2878 265 2895; x_wconf 83' lang='lat' dir='ltr'>e</span> <span class='ocrx_word' id='word_1_249' title='bbox 274 2878 303 2902; x_wconf 84' lang='lat' dir='ltr'>s,</span> <span class='ocrx_word' id='word_1_250' title='bbox 330 2870 535 2899; x_wconf 85' lang='lat' dir='ltr'>Lateinische</span> <span class='ocrx_word' id='word_1_251' title='bbox 555 2872 845 2906; x_wconf 70' lang='lat' dir='ltr'>Hylunendichter.</span> 
     </span>
    </p>
   </div>
   <div class='ocr_carea' id='block_1_24' title="bbox 0 2745 667 2962">
    <p class='ocr_par' dir='ltr' id='par_1_28' title="bbox 0 2745 667 2962">
     <span class='ocr_line' id='line_1_57' title="bbox 0 2745 667 2962; baseline 0.007 -127"><span class='ocrx_word' id='word_1_252' title='bbox 0 2745 7 2962; x_wconf 41' lang='lat' dir='ltr'>S</span> <span class='ocrx_word' id='word_1_253' title='bbox 216 2802 331 2838; x_wconf 84' lang='lat' dir='ltr'>corde</span> <span class='ocrx_word' id='word_1_254' title='bbox 362 2803 500 2839; x_wconf 85' lang='lat' dir='ltr'>mulcet</span> <span class='ocrx_word' id='word_1_255' title='bbox 530 2805 667 2850; x_wconf 86' lang='lat' dir='ltr'>Augia.</span> 
     </span>
    </p>
   </div>
   <div class='ocr_carea' id='block_1_25' title="bbox 937 1816 1594 2032">
    <p class='ocr_par' dir='ltr' id='par_1_29' title="bbox 937 1816 1594 1975">
     <span class='ocr_line' id='line_1_58' title="bbox 937 1816 1594 1861; baseline -0.003 -9"><span class='ocrx_word' id='word_1_256' title='bbox 937 1819 973 1854; x_wconf 86' lang='lat'><strong>5.</strong></span> <span class='ocrx_word' id='word_1_257' title='bbox 1005 1816 1051 1852; x_wconf 89' lang='lat' dir='ltr'>In</span> <span class='ocrx_word' id='word_1_258' title='bbox 1082 1819 1120 1851; x_wconf 92' lang='lat' dir='ltr'>te</span> <span class='ocrx_word' id='word_1_259' title='bbox 1151 1820 1255 1852; x_wconf 87' lang='lat' dir='ltr'>terra</span> <span class='ocrx_word' id='word_1_260' title='bbox 1285 1820 1415 1852; x_wconf 82' lang='lat' dir='ltr'>nostra</span> <span class='ocrx_word' id='word_1_261' title='bbox 1446 1819 1594 1861; x_wconf 86' lang='lat' dir='ltr'>patrem</span> 
     </span>
     <span class='ocr_line' id='line_1_59' title="bbox 1061 1871 1565 1918; baseline 0.002 -11"><span class='ocrx_word' id='word_1_262' title='bbox 1061 1872 1221 1918; x_wconf 87' lang='lat' dir='ltr'>suscipit</span> <span class='ocrx_word' id='word_1_263' title='bbox 1253 1883 1335 1908; x_wconf 89' lang='lat' dir='ltr'>cum</span> <span class='ocrx_word' id='word_1_264' title='bbox 1368 1871 1565 1916; x_wconf 84' lang='lat' dir='ltr'>fratribus,</span> 
     </span>
     <span class='ocr_line' id='line_1_60' title="bbox 1005 1928 1537 1975; baseline 0.002 -11"><span class='ocrx_word' id='word_1_265' title='bbox 1005 1928 1097 1965; x_wconf 91' lang='lat' dir='ltr'>Cum</span> <span class='ocrx_word' id='word_1_266' title='bbox 1130 1928 1265 1975; x_wconf 86' lang='lat' dir='ltr'>quibus</span> <span class='ocrx_word' id='word_1_267' title='bbox 1296 1929 1366 1966; x_wconf 90' lang='lat' dir='ltr'>tibi</span> <span class='ocrx_word' id='word_1_268' title='bbox 1399 1929 1537 1966; x_wconf 87' lang='lat' dir='ltr'>decora</span> 
     </span>
    </p>

    <p class='ocr_par' dir='ltr' id='par_1_30' title="bbox 1060 1985 1578 2032">
     <span class='ocr_line' id='line_1_61' title="bbox 1060 1985 1578 2032; baseline 0.002 -10"><span class='ocrx_word' id='word_1_269' title='bbox 1060 1996 1150 2031; x_wconf 88' lang='lat' dir='ltr'>pars</span> <span class='ocrx_word' id='word_1_270' title='bbox 1183 1985 1336 2022; x_wconf 80' lang='lat' dir='ltr'>lionoris</span> <span class='ocrx_word' id='word_1_271' title='bbox 1368 1990 1578 2032; x_wconf 84' lang='lat' dir='ltr'>permanet.</span> 
     </span>
    </p>
   </div>
   <div class='ocr_carea' id='block_1_26' title="bbox 933 2087 1603 2296">
    <p class='ocr_par' dir='ltr' id='par_1_31' title="bbox 933 2087 1603 2296">
     <span class='ocr_line' id='line_1_62' title="bbox 933 2087 1496 2134; baseline -0.004 -8"><span class='ocrx_word' id='word_1_272' title='bbox 933 2090 971 2127; x_wconf 89' lang='grc'>6.</span> <span class='ocrx_word' id='word_1_273' title='bbox 1004 2087 1121 2126; x_wconf 83' lang='lat' dir='ltr'>Ferte</span> <span class='ocrx_word' id='word_1_274' title='bbox 1152 2089 1265 2125; x_wconf 81' lang='lat' dir='ltr'>nabla</span> <span class='ocrx_word' id='word_1_275' title='bbox 1296 2087 1496 2134; x_wconf 81' lang='lat' dir='ltr'>tibiasque,</span> 
     </span>
     <span class='ocr_line' id='line_1_63' title="bbox 1061 2145 1586 2193; baseline -0.004 -11"><span class='ocrx_word' id='word_1_276' title='bbox 1061 2156 1242 2192; x_wconf 86' lang='lat' dir='ltr'>organum</span> <span class='ocrx_word' id='word_1_277' title='bbox 1275 2156 1356 2181; x_wconf 85' lang='lat' dir='ltr'>cum</span> <span class='ocrx_word' id='word_1_278' title='bbox 1390 2145 1586 2193; x_wconf 68' lang='lat' dir='ltr'>cymbalis,</span> 
     </span>
     <span class='ocr_line' id='line_1_64' title="bbox 1002 2201 1603 2251; baseline 0 -13"><span class='ocrx_word' id='word_1_279' title='bbox 1002 2201 1118 2239; x_wconf 84' lang='lat' dir='ltr'>Flatu</span> <span class='ocrx_word' id='word_1_280' title='bbox 1149 2202 1345 2251; x_wconf 85' lang='lat' dir='ltr'>quidquid,</span> <span class='ocrx_word' id='word_1_281' title='bbox 1381 2212 1458 2249; x_wconf 87' lang='lat' dir='ltr'>ore,</span> <span class='ocrx_word' id='word_1_282' title='bbox 1491 2202 1603 2248; x_wconf 87' lang='lat' dir='ltr'>pulsu</span> 
     </span>
     <span class='ocr_line' id='line_1_65' title="bbox 1063 2259 1513 2296; baseline 0.002 -1"><span class='ocrx_word' id='word_1_283' title='bbox 1063 2264 1145 2296; x_wconf 87' lang='lat' dir='ltr'>arte</span> <span class='ocrx_word' id='word_1_284' title='bbox 1179 2263 1327 2295; x_wconf 82' lang='lat' dir='ltr'>constat</span> <span class='ocrx_word' id='word_1_285' title='bbox 1358 2259 1513 2296; x_wconf 87' lang='lat' dir='ltr'>musica.</span> 
     </span>
    </p>
   </div>
   <div class='ocr_carea' id='block_1_27' title="bbox 934 2361 1637 2569">
    <p class='ocr_par' dir='ltr' id='par_1_32' title="bbox 934 2361 1637 2569">
     <span class='ocr_line' id='line_1_66' title="bbox 934 2361 1588 2407; baseline -0.002 -9"><span class='ocrx_word' id='word_1_286' title='bbox 934 2361 969 2398; x_wconf 81' lang='lat'><strong>7.</strong></span> <span class='ocrx_word' id='word_1_287' title='bbox 1002 2361 1115 2398; x_wconf 89' lang='lat' dir='ltr'>Dicat</span> <span class='ocrx_word' id='word_1_288' title='bbox 1148 2372 1257 2398; x_wconf 89' lang='lat' dir='ltr'>omne</span> <span class='ocrx_word' id='word_1_289' title='bbox 1288 2361 1411 2407; x_wconf 87' lang='lat' dir='ltr'>plebis</span> <span class='ocrx_word' id='word_1_290' title='bbox 1443 2371 1588 2407; x_wconf 83' lang='lat' dir='ltr'>agmen,</span> 
     </span>
     <span class='ocr_line' id='line_1_67' title="bbox 1062 2418 1521 2464; baseline 0 -10"><span class='ocrx_word' id='word_1_291' title='bbox 1062 2418 1184 2454; x_wconf 89' lang='lat' dir='ltr'>clerus</span> <span class='ocrx_word' id='word_1_292' title='bbox 1217 2418 1299 2464; x_wconf 88' lang='lat' dir='ltr'>ipse</span> <span class='ocrx_word' id='word_1_293' title='bbox 1332 2418 1521 2464; x_wconf 86' lang='lat' dir='ltr'>primitus,</span> 
     </span>
     <span class='ocr_line' id='line_1_68' title="bbox 1003 2475 1637 2521; baseline -0.003 -9"><span class='ocrx_word' id='word_1_294' title='bbox 1003 2475 1132 2521; x_wconf 88' lang='lat' dir='ltr'>Dives,</span> <span class='ocrx_word' id='word_1_295' title='bbox 1167 2485 1325 2521; x_wconf 86' lang='lat' dir='ltr'>pauper,</span> <span class='ocrx_word' id='word_1_296' title='bbox 1358 2486 1501 2521; x_wconf 87' lang='lat' dir='ltr'>sospes,</span> <span class='ocrx_word' id='word_1_297' title='bbox 1524 2485 1637 2521; x_wconf 80' lang='lat' dir='ltr'>aeger</span> 
     </span>
     <span class='ocr_line' id='line_1_69' title="bbox 1062 2531 1569 2569; baseline 0.002 -1"><span class='ocrx_word' id='word_1_298' title='bbox 1062 2536 1269 2569; x_wconf 85' lang='lat' dir='ltr'>consonent</span> <span class='ocrx_word' id='word_1_299' title='bbox 1300 2532 1335 2567; x_wconf 88' lang='lat' dir='ltr'>in</span> <span class='ocrx_word' id='word_1_300' title='bbox 1370 2531 1569 2569; x_wconf 81' lang='lat' dir='ltr'>laudibus:</span> 
     </span>
    </p>
   </div>
   <div class='ocr_carea' id='block_1_28' title="bbox 938 2634 1558 2851">
    <p class='ocr_par' dir='ltr' id='par_1_33' title="bbox 938 2634 1558 2851">
     <span class='ocr_line' id='line_1_70' title="bbox 938 2634 1545 2681; baseline -0.003 -9"><span class='ocrx_word' id='word_1_301' title='bbox 938 2634 975 2672; x_wconf 82' lang='lat'><strong>8.</strong></span> <span class='ocrx_word' id='word_1_302' title='bbox 1008 2634 1062 2671; x_wconf 89' lang='lat' dir='ltr'>Te</span> <span class='ocrx_word' id='word_1_303' title='bbox 1092 2634 1230 2681; x_wconf 86' lang='lat' dir='ltr'>Maria,</span> <span class='ocrx_word' id='word_1_304' title='bbox 1263 2638 1396 2670; x_wconf 81' lang='lat' dir='ltr'>sancta</span> <span class='ocrx_word' id='word_1_305' title='bbox 1428 2634 1545 2680; x_wconf 81' lang='lat' dir='ltr'>virgo,</span> 
     </span>
     <span class='ocr_line' id='line_1_71' title="bbox 1063 2690 1558 2727; baseline -0.004 0"><span class='ocrx_word' id='word_1_306' title='bbox 1063 2701 1144 2727; x_wconf 83' lang='grc'><strong>011111</strong></span> <span class='ocrx_word' id='word_1_307' title='bbox 1175 2691 1355 2727; x_wconf 83' lang='lat' dir='ltr'>subiectis</span> <span class='ocrx_word' id='word_1_308' title='bbox 1387 2690 1558 2726; x_wconf 80' lang='lat' dir='ltr'>omnibus</span> 
     </span>
     <span class='ocr_line' id='line_1_72' title="bbox 1004 2747 1518 2785; baseline -0.004 0"><span class='ocrx_word' id='word_1_309' title='bbox 1004 2748 1049 2785; x_wconf 89' lang='lat' dir='ltr'>In</span> <span class='ocrx_word' id='word_1_310' title='bbox 1081 2748 1241 2784; x_wconf 83' lang='lat' dir='ltr'>salutem</span> <span class='ocrx_word' id='word_1_311' title='bbox 1274 2747 1518 2783; x_wconf 77' lang='lat' dir='ltr'>christianam</span> 
     </span>
     <span class='ocr_line' id='line_1_73' title="bbox 1061 2803 1432 2851; baseline -0.005 -10"><span class='ocrx_word' id='word_1_312' title='bbox 1061 2809 1236 2851; x_wconf 78' lang='lat' dir='ltr'>protegat</span> <span class='ocrx_word' id='word_1_313' title='bbox 1269 2803 1432 2840; x_wconf 85' lang='lat' dir='ltr'>feliciter</span> 
     </span>
    </p>
   </div>
   <div class='ocr_carea' id='block_1_29' title="bbox 884 2868 1436 2901">
    <p class='ocr_par' dir='ltr' id='par_1_34' title="bbox 884 2868 1436 2901">
     <span class='ocr_line' id='line_1_74' title="bbox 884 2868 1436 2901; baseline 0.004 -2"><span class='ocrx_word' id='word_1_314' title='bbox 884 2873 928 2899; x_wconf 87' lang='grc' dir='ltr'>Π.</span> <span class='ocrx_word' id='word_1_315' title='bbox 1395 2868 1436 2901; x_wconf 79' lang='grc'>12</span> 
     </span>
    </p>
   </div>
  </div>
 </body>
</html>
