1785 3111
166 474 202 512 1.

170 2102 190 2139 x]

764 96 1075 136 —494—

451 264 532 300 33⁵.
570 266 626 307 (1.)
661 264 884 307 Rhythmus
905 262 1106 299 Herradis
1133 264 1381 310 abbatissae,

135 332 209 368 per
234 331 348 365 quem
366 321 729 364 Hohenburgenses
754 321 1014 364 virgunculas
1041 320 1275 356 amabiliter
1302 321 1457 356 salutat
1484 321 1523 356 et
1547 322 1597 357 ad
1613 321 1700 357 veri

374 377 511 422 sponsi
536 377 653 412 fldem
679 376 1018 421 dilectionemque
1045 377 1268 413 salubriter
1293 377 1459 413 invitat.

249 472 371 521 Salve,
405 472 538 509 cohors
570 471 756 518 virginum

251 528 661 576 Hohenburgiensium‚

251 586 396 623 Albeus
428 586 534 632 quasi
565 585 698 634 lilium,

249 645 392 681 Amans
424 642 495 679 Dei
527 641 658 680 filium.

252 745 393 782 Herrat
426 744 682 791 devotissima,

254 801 336 839 Tua
364 800 587 838 fidelissima

247 858 376 896 Mater
413 862 449 894 et
480 857 674 905 ancillula,

254 915 392 953 Cantat
423 914 492 951 tibi
525 914 685 952 cantica.

251 1017 305 1053 Te
336 1017 476 1053 salutat
506 1016 644 1052 millies

250 1073 300 1110 Et
333 1076 487 1119 exoptat
516 1072 555 1109 in
588 1072 679 1122 dies,

251 1130 302 1168 Ut
333 1130 434 1167 laeta
465 1129 624 1166 victoria

252 1187 391 1223 Vincas
421 1186 655 1226 transitoria.

252 1288 281 1326 O
314 1288 516 1325 multorum
548 1288 757 1335 speculum,

253 1345 411 1393 Sperne,
445 1355 582 1391 sperne
614 1345 818 1391 saeculum,

253 1402 425 1439 Virtutes
458 1401 673 1450 adcumula,

253 1458 343 1495 Veri
375 1459 503 1505 sponsi
535 1459 712 1496 turmula.

254 1560 418 1599 Insistas
448 1560 653 1597 luctamine

253 1616 367 1654 Diros
398 1616 525 1654 hostes
556 1622 740 1656 sternere.

253 1673 307 1710 Te
338 1684 404 1710 rex
436 1684 563 1721 regum
596 1674 765 1722 adiuvat,

253 1730 348 1775 Quia
379 1735 416 1767 te
449 1730 653 1769 desiderat.

254 1832 343 1879 Ipse
373 1837 477 1868 tuum
509 1831 673 1869 animum

253 1887 399 1925 Firmat
432 1893 565 1925 contra
598 1889 784 1939 zabulum,

255 1945 343 1991 Ipse
374 1949 460 1991 post
492 1945 689 1982 victoriam

251 2000 370 2038 Dabit
401 2001 507 2049 regni
538 2002 710 2049 gloriam.

197 2133 205 2140 .
254 2102 307 2139 Te
340 2102 475 2139 decent
507 2103 679 2150 deliciae,

251 2158 450 2196 Debentur
483 2159 650 2205 divitiae,

251 2215 338 2252 Tibi
370 2216 464 2253 caeli
495 2217 600 2254 curia

253 2271 387 2309 Servat
419 2272 517 2310 bona
548 2273 722 2320 plurima.

255 2372 427 2410 Christus
459 2379 569 2420 parat
602 2375 754 2422 nuptias

253 2429 375 2466 Miras
407 2440 476 2476 per
508 2431 679 2480 delicias,

250 2485 362 2522 Hunc
393 2492 590 2533 exspectes
622 2487 834 2535 principem

253 2541 308 2578 Te
339 2543 526 2579 servando
558 2544 756 2591 virginem.

252 2642 407 2679 Interim
438 2645 592 2682 monilia

252 2698 473 2737 Circumdes
504 2701 647 2739 nobilia

250 2754 300 2792 Et
332 2766 490 2793 exornes
522 2755 656 2794 faciem

249 2811 391 2849 Mentis
422 2824 588 2861 purgans
620 2814 750 2853 aciem.

959 472 1023 509 10.

961 743 1026 781 11.

962 1015 1026 1054 12.

963 1288 1026 1327 13.

963 1562 1027 1599 14.

964 1833 1028 1872 15.

960 2103 1024 2141 16.

961 2375 1026 2414 17.

955 2647 1019 2686 18.

1072 471 1245 508 Christus
1277 472 1358 510 odit
1388 472 1567 519 maculas,

1070 528 1197 575 Rugas
1229 529 1374 575 spernit
1407 529 1563 575 vetulas,

1069 584 1256 622 Pulchras
1288 586 1368 622 vult
1400 586 1652 633 virgunculas⁷

1069 641 1216 688 Turpes
1248 642 1357 688 pellit
1389 640 1561 681 feminas,

1071 742 1168 780 Fide
1201 754 1283 781 cum
1315 748 1486 781 turturea

1073 799 1258 847 Sponsum
1290 800 1402 838 istum
1434 802 1602 849 redama.

1074 858 1126 896 Ut
1158 861 1222 894 tua
1254 856 1470 895 formositas

1077 913 1162 950 Fiat
1194 925 1332 962 perpes
1365 915 1532 952 claritas.

1075 1016 1214 1053 Vivens
1246 1017 1327 1053 sine
1359 1015 1557 1054 fraudibus

1072 1072 1124 1109 Es
1157 1073 1344 1110 monenda
1374 1073 1565 1121 laudibus,

1076 1129 1125 1166 Ut
1159 1139 1390 1166 consummes
1421 1131 1564 1178 optima

1075 1185 1147 1222 Tui
1178 1187 1318 1232 gradus
1349 1197 1478 1234 opera.

1075 1288 1133 1325 Ne
1165 1288 1323 1325 vacilles
1354 1288 1468 1325 dubia

1075 1345 1180 1383 lnter
1212 1345 1343 1382 mundi
1374 1343 1539 1394 flumina,

1077 1402 1202 1438 Yerax
1235 1402 1337 1439 Deus
1369 1402 1538 1450 praemia

1078 1458 1249 1505 Spondet
1279 1463 1369 1505 post
1401 1458 1602 1498 curricula.

1077 1562 1213 1599 Patere
1238 1571 1337 1598 nunc
1363 1571 1499 1607 aspera

1076 1618 1207 1655 Mundi
1240 1627 1423 1664 spernens
1454 1627 1653 1665 prospera,

1074 1674 1184 1711 Nune
1215 1674 1266 1711 sis
1299 1675 1420 1710 crucis
1452 1674 1567 1722 socia,

1073 1731 1193 1778 Regni
1226 1742 1378 1768 consors
1409 1736 1553 1777 postea.

1077 1834 1150 1871 Per
1180 1833 1250 1871 hoc
1281 1843 1384 1870 mare
1414 1833 1550 1879 naviga

1075 1890 1285 1927 Sanctitate
1316 1889 1486 1937 gravida,

1074 1947 1172 1983 Dum
1206 1947 1252 1983 de
1283 1947 1371 1983 navi
1402 1957 1526 1990 exeas,

1075 2003 1164 2040 Sion
1197 2009 1366 2041 sanctam
1397 2007 1539 2041 teneas,

1072 2103 1162 2140 Sion
1193 2104 1309 2141 turris
1342 2104 1494 2152 caelica,

1071 2160 1178 2197 Bella
1208 2164 1340 2197 tenens
1373 2161 1502 2206 astria,

1070 2217 1157 2255 Tibi
1188 2215 1254 2254 fiat
1286 2217 1399 2254 statio

1069 2274 1168 2310 Aeto
1199 2274 1298 2311 vitae
1329 2274 1465 2322 spatio,

1073 2375 1132 2412 Ibi
1162 2386 1230 2413 rex
1263 2375 1452 2422 virgineus

1073 2432 1124 2470 Et
1155 2432 1301 2469 Mariae
1332 2431 1430 2469 filius

1072 2489 1318 2535 Amplectens
1348 2492 1385 2525 te
1416 2488 1599 2537 redamat,

1072 2547 1106 2582 A
1139 2555 1310 2582 maerore
1341 2545 1496 2584 relevat.

1068 2646 1354 2692 Parvipendens
1385 2645 1510 2682 omnia

1066 2702 1284 2740 Tentatoris
1315 2702 1436 2738 iacula

1066 2759 1173 2796 Tunc
1203 2758 1385 2805 gaudebis
1417 2757 1555 2805 iugiter

1066 2815 1268 2854 Iubilando
1300 2815 1478 2852 suaviter.
