1785 3111
0 3022 11 3039 ,-

140 172 193 206 12.
231 175 261 208 Ο
289 175 400 214 beata,
427 185 465 207 os
489 174 608 214 dilata,

279 220 358 253 Sint
381 220 468 252 haec
491 224 592 263 grata
617 221 785 259 carmina,

230 266 286 299 Sit
311 271 463 308 accepta,
487 276 559 298 non
584 266 747 307 despecta

276 311 357 344 Tibi
382 321 460 343 mea
483 312 624 353 pagina.

142 377 193 412 13.
232 380 336 412 Hanc
359 379 504 421 dignare
529 384 721 421 acceptare,

275 425 400 463 Mater,
425 434 509 457 aure
534 424 682 467 placida,

230 471 336 502 Fiant
359 473 443 502 vota
467 471 533 503 tibi
558 474 652 508 nota,

279 516 384 548 Dicta
408 520 530 548 nostra
554 516 682 548 lucida.

144 582 196 616 14.
221 584 279 616 Da
305 584 405 616 fateri
431 585 575 616 verbum
601 585 687 623 veri,

275 630 356 661 Dux
380 629 653 669 misericordiae,

228 675 284 707 Da
308 676 477 717 vigorem,
501 686 545 707 ne
570 675 735 716 laborem,

274 720 395 752 Funde
420 731 533 752 rorem
558 722 704 763 gratiae.

139 786 190 820 15.
227 789 300 820 Lac
325 789 459 820 distilla
485 799 526 820 ex
551 790 709 821 mamilla

273 834 379 866 Dulci
404 834 468 866 illa
492 834 607 872 labiis,

227 880 276 912 Ut
300 881 448 911 amicam
474 882 508 911 te
532 880 694 921 pudicam

272 925 399 957 Verbis
428 925 541 956 dicam
567 926 705 958 sobriis.

138 990 190 1025 16.
230 993 337 1036 Virgo
363 993 456 1033 diva,
481 997 520 1025 tu
544 995 673 1026 nociva

273 1038 348 1080 Ope
373 1039 441 1071 Dei
466 1040 628 1081 reprime,

227 1084 316 1116 Eius
341 1085 444 1123 bona,
470 1085 545 1117 eius
571 1085 663 1116 dona

275 1130 404 1169 Pande,
431 1140 526 1168 sona,
554 1132 716 1172 exprime.

881 60 961 102 471
1026 83 1076 120 -.

965 173 1016 206 17.
1055 174 1151 206 Huic
1177 175 1308 207 servire
1333 174 1394 206 dat
1417 174 1530 206 redire

1098 221 1191 262 Ipsis
1217 222 1290 252 irae
1313 219 1408 259 filiis,

1053 266 1147 297 Huic
1173 266 1346 297 substerni
1371 265 1432 297 dat
1456 266 1590 297 aeterni

1098 312 1181 343 Frui
1208 312 1305 352 regni
1330 311 1480 353 gaudiis.

964 376 1016 413 18.
1053 380 1272 412 Genetricem
1299 383 1368 411 tam
1394 379 1530 410 felicem

1098 425 1278 456 Laudibus
1307 435 1398 456 nunc
1424 424 1573 463 efferam,

1052 471 1154 502 Hanc
1181 470 1284 502 adibo
1311 474 1356 507 et,
1382 474 1420 501 ut
1444 470 1562 511 quibo,

1097 516 1222 547 Preces
1248 517 1279 548 ei
1306 515 1457 547 offeram.

965 582 1018 616 19.
1052 585 1154 616 Hanc
1180 584 1301 615 affecto
1328 594 1431 615 sensu
1457 587 1549 615 recto

1101 629 1341 662 Collaudando
1368 639 1537 670 promere,

1053 675 1156 706 Hanc
1181 685 1223 706 ex
1248 680 1329 706 voto
1356 674 1458 706 corde
1482 677 1554 705 toto

1099 720 1242 762 Semper
1267 724 1348 761 opto
1375 730 1527 761 poscere.

959 786 1012 821 20.
1051 788 1209 830 Surgam,
1236 798 1400 828 quaeram
1426 790 1571 818 matrem
1592 796 1710 818 veram

1095 834 1143 865 Et
1169 835 1340 864 sinceram
1366 834 1548 874 virginem,

1051 880 1149 919 Quae
1174 879 1235 910 dat
1259 880 1363 910 mutis
1390 889 1428 910 os
1453 878 1605 916 virtutis,

1095 925 1287 956 Dissolutis
1312 924 1478 955 ordinem.

957 991 1011 1026 21.
1048 994 1128 1025 Non
1154 993 1321 1024 desistam
1346 993 1435 1024 hanc
1461 993 1675 1033 magistram,

1094 1039 1245 1071 Matrem
1270 1040 1373 1070 istam
1399 1047 1578 1079 quaerere,

1050 1085 1147 1124 Quae
1174 1084 1215 1116 de
1240 1085 1350 1125 portis
1376 1083 1473 1115 dirae
1499 1083 1621 1114 mortis

1096 1131 1217 1162 Potest
1242 1140 1295 1161 me
1321 1131 1465 1171 eripere.

225 1192 275 1225 Es
300 1192 418 1234 folgen
441 1192 605 1235 Rhythm.
632 1194 695 1231 III,
725 1191 765 1224 12
790 1192 860 1225 und
884 1193 944 1233 IV,
972 1190 1025 1225 24.
1078 1192 1231 1224 Darauf:

563 1253 619 1287 24.
653 1255 753 1295 Quod
779 1265 951 1298 rogamus,
978 1255 1071 1296 quod
1097 1259 1268 1297 optamus,

700 1302 815 1333 Donet
840 1301 953 1333 almus
979 1302 1135 1343 spiritus,

655 1348 721 1386 Qui
749 1350 782 1379 te
807 1346 905 1385 lavit,
932 1347 991 1389 qui
1019 1346 1176 1386 vallavit,

700 1393 768 1432 Qui
794 1393 948 1424 sacravit
973 1393 1132 1424 caelitus,

806 1479 922 1516 Pars
954 1479 1026 1518 III.

159 1548 187 1581 1.
225 1550 310 1589 Ave,
335 1551 447 1593 virgo,
472 1561 541 1593 qua
552 1549 580 1592 ¹)
603 1551 717 1593 caligo

268 1596 321 1628 Ab
346 1595 413 1628 hoc
440 1596 568 1628 mundo
594 1597 697 1638 pulsa
721 1602 781 1636 est,

221 1641 306 1673 Mox
331 1642 498 1684 absorpta
522 1642 582 1673 lux
608 1646 660 1674 est
685 1645 771 1680 orta,

268 1687 368 1719 Caeli
392 1690 494 1729 porta
519 1691 642 1729 patens
669 1691 731 1719 est.

154 1752 184 1786 2.
223 1755 331 1796 Virgo
357 1754 480 1797 gaude,
505 1755 606 1796 virgo
632 1754 770 1796 plaude,

266 1801 352 1838 Ave,
378 1800 479 1841 virgo
505 1801 611 1842 regia,

221 1845 289 1877 Per
313 1854 418 1885 quam
444 1855 550 1877 saeva
575 1849 609 1877 et
634 1847 813 1888 primaeva

266 1890 454 1922 Tolluntur
477 1891 671 1932 naufragia.

222 1959 347 1997 Mater,
373 1958 495 2001 gaude,
522 1959 629 2001 digna
653 1959 768 2001 laude,

269 2004 367 2044 Quae
392 2014 455 2036 nos
481 2005 602 2036 fraude
628 2006 733 2044 eruis,

223 2049 308 2082 Cum
335 2051 518 2091 antiquum
544 2051 724 2082 inimicum

267 2095 400 2135 Vincis,
425 2096 557 2127 victum
583 2097 713 2129 obruis.

154 1956 185 1990 με

151 2160 184 2194 4.
222 2162 294 2194 Vas
320 2162 469 2201 decoris,
493 2163 562 2195 dux
589 2163 732 2205 pudoris

266 2208 391 2240 Cincta
415 2208 531 2240 choris
556 2211 750 2251 virginum,

220 2253 305 2285 Plus
331 2253 457 2286 decora
483 2264 587 2294 quam
613 2264 749 2293 aurora,

267 2299 335 2330 Pro
361 2309 415 2331 me
441 2309 502 2331 ora
527 2301 726 2331 Dominum.

153 2364 184 2398 5.
221 2365 415 2399 Gravidata
439 2377 501 2399 nec
527 2368 666 2408 privata

266 2413 357 2443 Dote
382 2421 502 2444 sacrae
526 2413 687 2455 virginis,

220 2457 329 2489 Placa
354 2461 474 2489 natum
501 2461 555 2489 sat
579 2460 705 2489 iratum

269 2502 322 2534 Ob
351 2507 485 2535 reatum
512 2504 679 2535 criminis.

152 2567 183 2602 6.
221 2570 250 2602 O
276 2570 406 2602 dilecta
431 2574 465 2602 et
490 2575 665 2613 provecta,

266 2615 335 2647 Fac
359 2626 423 2648 nos
450 2620 543 2648 recta
569 2627 680 2659 agere,

221 2660 350 2702 Culpas
375 2661 468 2700 flere,
493 2672 553 2704 spe
578 2662 740 2704 gaudere,

267 2706 380 2738 Deum
404 2717 486 2739 vere
512 2718 688 2748 quaerere.

225 2794 250 2835 1)
289 2794 318 2834 1,
346 2794 362 2828 1
391 2807 494 2837 quam
522 2799 585 2830 Hs.
612 2816 654 2819 —

980 1550 1010 1583 7.
1048 1551 1107 1584 Nil
1134 1552 1325 1593 obliquum,
1351 1552 1400 1582 nil
1427 1552 1598 1592 iniquum,

1090 1597 1186 1628 Nihil
1212 1597 1329 1628 fictum
1355 1607 1468 1639 agere,

1046 1643 1105 1674 Nil
1133 1644 1231 1674 avari
1259 1643 1438 1679 aemulari,

1088 1688 1187 1720 Nihil
1213 1689 1278 1719 fari
1303 1692 1442 1720 temere.

974 1752 1006 1787 8.
1043 1755 1176 1787 Malum
1201 1755 1298 1794 ferre,
1325 1766 1396 1786 non
1421 1755 1559 1793 referre,

1089 1802 1232 1833 Terram
1257 1805 1373 1832 terrae
1396 1801 1566 1843 linquere,

1043 1847 1101 1885 Te,
1132 1847 1275 1878 lucerna
1301 1848 1520 1888 sempiterna,

1089 1892 1188 1924 Caeli
1213 1900 1324 1924 verna
1349 1903 1498 1924 cernere.

975 1957 1006 1992 9.
1044 1961 1156 1992 Menti
1182 1961 1294 1992 fessae
1319 1964 1353 1992 et
1378 1970 1576 2002 oppressae,

1088 2005 1203 2038 Radix
1228 2006 1334 2041 Iesse,
1363 2006 1520 2043 subveni,

1045 2053 1142 2092 Quae
1167 2053 1340 2083 succurris
1366 2052 1532 2092 perituris

1089 2097 1197 2128 Facta
1221 2098 1326 2128 turris
1352 2097 1492 2128 Libani.

952 2161 1002 2196 10.
1042 2165 1166 2196 Carnis
1192 2164 1358 2201 flammas,
1388 2172 1475 2205 quas
1500 2174 1570 2195 non
1591 2174 1689 2196 amas

1086 2210 1140 2241 Tu
1165 2219 1229 2241 nos
1254 2210 1307 2240 fac
1334 2210 1550 2250 extinguere,

1038 2255 1142 2286 Vitae
1168 2265 1306 2286 cursum
1331 2254 1427 2286 tendi
1453 2265 1601 2294 sursum,

1088 2300 1212 2332 Mundi
1236 2300 1356 2332 luxum
1383 2310 1556 2342 spernere.

952 2365 1005 2399 11.
1030 2369 1095 2406 Da,
1122 2368 1192 2399 dux
1217 2369 1330 2410 aequi,
1357 2372 1451 2400 recta
1477 2369 1587 2410 sequi,

1088 2413 1196 2448 Velle.
1222 2414 1298 2453 fari,
1323 2414 1448 2452 facere,

1042 2460 1099 2491 Me
1124 2470 1280 2499 corones,
1306 2459 1392 2491 mihi
1417 2459 1537 2499 dones,

1086 2505 1196 2543 Haec,
1222 2515 1312 2547 quae
1337 2516 1468 2543 moneS,
1494 2515 1608 2547 agere.

951 2569 1002 2603 12.
1041 2572 1148 2604 Caelo
1176 2574 1243 2604 sita
1270 2574 1471 2614 margarita,

1085 2619 1162 2649 Lux
1189 2623 1222 2650 et
1245 2620 1320 2650 vita
1343 2620 1509 2660 gentium,

1039 2663 1108 2695 Fac
1133 2663 1311 2695 lucernam
1338 2665 1594 2705 sempiternam.

1086 2709 1198 2741 Tuum
1223 2719 1361 2741 cernam
1386 2709 1507 2739 filium.
