1785 3111
790 112 1096 152 —454—

184 232 247 269 123.
281 229 334 266 Te
365 228 545 274 requirat,
578 227 641 274 qui
671 227 839 273 suspirat

330 285 488 322 Pressus
521 283 618 320 mole
650 283 859 329 criminum,

274 341 429 378 Habens
444 345 579 387 ratum,
597 340 696 386 quod
713 340 903 386 placatum
925 353 929 357 ²

330 398 482 435 Reddes
513 398 544 433 ei
577 396 793 434 Dominum.

175 514 240 549 14.
271 511 352 547 Deo
382 511 509 547 iuncta
541 514 648 556 potes
681 514 815 546 cuneta

327 567 428 604 Dare
460 571 497 603 te.
528 566 760 613 rogantibus,

272 624 364 662 Cum
396 623 568 670 benignis
600 627 636 659 et
668 621 844 669 malignis

326 681 497 727 imperes
529 679 741 726 spiritibus.

171 795 237 833 15.
270 794 372 839 Quae
403 792 569 830 seductis
601 803 690 840 spes
723 792 855 828 salutis

327 850 438 887 Esset
468 854 533 886 aut
563 849 758 894 solacium,

276 906 312 944 Si
344 917 418 943 non
449 905 557 942 nobis
589 904 712 942 factor
742 903 845 942 orbis

327 963 446 1000 Daret
478 963 549 999 hoc
580 960 817 999 remedium?

172 1077 236 1114 16.
269 1075 307 1112 Si
341 1075 468 1112 divina
499 1075 688 1111 medicina

328 1130 521 1168 Defuisset
555 1132 714 1181 vulneri,

274 1188 373 1234 Quid
406 1186 557 1237 facturi,
590 1199 662 1234 quo
692 1189 784 1225 ituri

328 1245 406 1282 Nos
439 1255 586 1282 eramus
616 1245 772 1284 miseri?

176 1358 240 1396 17.
273 1358 400 1395 Mater
431 1358 558 1404 prima
585 1368 653 1394 nos
683 1358 732 1395 ad
762 1358 838 1396 ima

329 1415 404 1452 Suo
436 1414 553 1451 traxit
586 1414 755 1462 crimine,

274 1471 383 1508 Nunc
414 1475 540 1508 reatus
573 1476 627 1507 est
659 1471 808 1508 ablatus

329 1528 431 1564 Tuae
462 1528 580 1574 prolis
612 1528 805 1573 sanguine.

178 1642 240 1679 18.
275 1640 384 1687 Nunc
405 1651 599 1688 regressus
621 1646 677 1677 est
700 1651 899 1679 concessus

325 1697 385 1734 Ad
418 1708 583 1744 superna
612 1698 751 1744 gaudia

272 1753 352 1798 His,
377 1754 439 1800 qui
458 1754 611 1790 vincunt
630 1760 665 1790 et
683 1755 899 1801 relinquunt

327 1810 460 1846 Mundi
495 1811 698 1849 desideria.

172 1923 234 1959 19.
271 1922 423 1959 Cunctis
457 1923 597 1959 sanctis
629 1933 668 1959 es
695 1934 764 1970 pro
787 1923 902 1960 tantis

328 1979 446 2016 Grata
477 1978 684 2026 benefieiis,

274 2035 426 2072 Cunctis
459 2046 547 2072 cara
578 2040 615 2072 et
645 2036 849 2082 praeclara

331 2092 479 2139 Magnis
513 2092 733 2139 privilegiis.

991 226 1058 264 20.
1092 226 1206 273 Virgo
1241 226 1355 272 mitis,
1388 237 1410 263 a
1450 225 1601 263 delictis

1149 283 1225 320 Nos
1258 282 1420 320 emunda
1459 282 1650 329 precibus,

1097 339 1146 377 Ut
1177 339 1328 386 purgati
1359 339 1474 376 simus
1505 338 1586 385 apti

1153 396 1261 443 Iungi
1293 395 1389 433 caeli
1422 395 1584 434 civibus.

992 509 1058 547 21.
1092 508 1232 545 Lumen
1263 519 1405 557 verum,
1438 507 1562 546 factor
1586 517 1729 556 rerum,

1148 566 1285 603 Mundi
1317 570 1442 602 rector
1474 564 1656 614 fabricae,

1090 621 1163 658 Tot
1196 622 1387 668 proceliis,
1420 627 1475 659 tot
1507 620 1668 668 flagellis

1148 678 1227 715 Nos
1257 677 1431 716 adflictos
1462 678 1622 726 respice.

991 794 1055 830 22.
1090 792 1131 828 In
1165 791 1297 828 diebus
1327 792 1467 829 nostris
1499 791 1612 829 rebus

1146 848 1225 885 Nos
1256 849 1433 886 secundis
1465 848 1608 885 sustine

1089 905 1139 942 Et
1171 905 1319 942 custodi
1350 916 1418 942 nos
1446 905 1494 942 ab
1525 904 1626 941 omni

1147 962 1391 1008 Incorruptos
1425 961 1594 999 erimine.

988 1077 1051 1114 23.
1086 1075 1183 1113 Fide
1214 1075 1316 1111 muni
1346 1086 1412 1112 nos
1444 1079 1479 1111 et
1512 1075 1576 1112 uni

1144 1132 1322 1170 Caritatis
1355 1142 1521 1176 munere,

1088 1188 1223 1225 Nullus
1255 1192 1392 1235 terror,
1425 1188 1550 1224 nullus
1585 1198 1693 1225 error

1144 1244 1268 1282 Possit
1300 1254 1366 1282 nos
1398 1244 1630 1283 subvertere.

990 1360 1056 1397 24.
1090 1359 1171 1396 Rex
1203 1361 1371 1405 aeterne,
1404 1369 1426 1394 a
1457 1357 1650 1404 gehennae

1146 1414 1258 1453 Salva
1290 1424 1356 1450 nos
1388 1414 1589 1461 supplicio,

1086 1474 1185 1518 Quos
1216 1474 1373 1517 peccato
1405 1471 1519 1509 solvis
1553 1472 1642 1508 dato

1143 1527 1280 1565 Mortis
1312 1531 1397 1564 tuae
1427 1527 1563 1574 pretio.

987 1644 1052 1680 25.
1086 1641 1205 1677 Prece
1236 1640 1367 1677 matris
1397 1651 1465 1677 nos
1496 1639 1543 1677 ab
1575 1640 1668 1677 atris

1144 1697 1284 1734 Libera
1314 1696 1524 1745 spiritibus,

1085 1754 1141 1790 Ne
1174 1764 1254 1790 cum
1286 1753 1380 1800 ipsis
1412 1764 1481 1800 pro
1513 1752 1725 1790 commissis

1141 1810 1374 1847 Damnemur
1408 1809 1592 1849 reatibus,

991 1924 1056 1961 26.
1090 1924 1175 1959 Iesu
1206 1922 1313 1971 bone,
1348 1923 1491 1959 visione

1146 1979 1227 2016 Tua
1259 1991 1325 2016 nos
1356 1979 1533 2030 laetifica,

1091 2036 1153 2074 Sic
1183 2035 1351 2082 guberna
1382 2047 1462 2083 nos,
1494 2040 1536 2073 ut
1569 2046 1686 2084 regna

1147 2093 1432 2138 Consequamur
1468 2092 1621 2130 caelica.

600 2207 666 2246 27.
711 2204 797 2242 Tibi
828 2210 917 2242 noto
949 2215 1031 2241 cum
1063 2204 1173 2242 beato

767 2262 879 2298 Patre
910 2261 992 2298 laus
1025 2266 1059 2298 et
1091 2262 1212 2309 gloria

434 2653 470 2695 1.

709 2317 959 2365 Flaminique,
992 2319 1054 2365 qui
1085 2318 1235 2365 utrique

764 2374 930 2421 Compar
960 2380 1016 2411 est
1047 2385 1116 2421 per
1145 2375 1282 2413 omnia.

826 2562 1030 2607 Epilogus,

518 2655 547 2692 O
579 2655 768 2703 salutaris,
801 2656 920 2703 virgo,
951 2656 1063 2693 stella
1093 2656 1219 2705 maris,

518 2710 711 2749 Generans
742 2712 897 2762 prolem,
932 2712 1132 2759 aequitatis
1163 2713 1292 2759 solem,

518 2767 629 2804 Lucis
661 2773 865 2815 auctorem,
898 2769 1064 2806 retinens
1095 2768 1291 2817 pudorem,

702 2824 857 2871 Suscipe
888 2825 1053 2864 laudem.
