1785 3111
796 59 1108 100 —274—

177 173 254 205 GH.
281 189 322 192 ·—
348 171 411 211 71),
436 171 457 203 4
482 172 619 213 physim
637 173 678 203 N.
704 188 747 193 —
773 169 833 210 81),
860 170 880 203 2
907 182 968 213 per
990 176 1126 203 noctem
1143 173 1190 205 M.
1215 189 1258 194 —-
1283 169 1344 210 81),
1361 170 1382 203 3
1407 172 1503 205 videt
1518 172 1742 205 ABEGHIL.

176 236 220 241 ——-
245 216 306 256 92,
335 215 351 248 1
378 218 609 259 perscriptum
643 218 690 248 M.
715 234 758 239 —
787 215 868 255 loa,
894 215 914 249 3
939 217 1075 249 viderat
1100 218 1152 254 M;
1179 218 1343 250 viderunt
1368 219 1409 249 N.
1438 235 1481 239 —
1509 217 1561 257 11,
1588 218 1603 250 1
1632 219 1743 258 Quam

177 264 276 305 sequi
302 264 328 294 Ι.
355 279 397 284 -—
422 262 507 293 Mel:
538 260 688 293 Iustus
721 262 1004 304 germinabit.

589 441 671 476 206.
707 440 765 483 (3.)
800 441 857 476 De
883 442 1024 476 sancto
1054 441 1315 478 columbano.

666 547 702 585 1.
750 549 783 584 A
816 545 906 582 solis
939 557 1076 584 occasu

744 613 862 649 usque
893 603 942 640 ad.
975 607 1148 640 exortum

175 695 244 731 2a.
284 693 353 729 Est
386 693 532 729 cunctis
563 703 699 729 nomen
730 697 847 739 tuum,
998 693 1071 732 2b.
1112 694 1184 739 Qui
1214 693 1305 731 inde
1336 704 1472 730 novum
1504 695 1620 731 solem

288 749 401 799 Deus7
435 749 642 799 laudabile,
1109 750 1228 787 mittis
1259 750 1354 787 mira
1381 751 1475 798 lege,

175 842 247 878 3a.
285 840 356 885 Qui
387 840 525 876 lustret
555 840 686 877 orbem
718 840 837 877 radiis
997 840 1071 879 3b.
1107 841 1159 878 Et
1190 839 1294 877 foetu
1323 844 1445 878 terras
1477 845 1637 888 vegetet.

174 932 246 968 4a.
284 930 357 966 Hic
389 929 644 967 Columbanus
678 931 828 967 nomine
996 931 1072 969 4b.
1110 931 1255 978 Dignus
1286 931 1428 967 habere
1458 931 1616 978 spiritus

288 986 524 1023 columbinae
1108 988 1229 1024 sancti
1261 988 1398 1034 pignus

287 1043 388 1080 vitae
420 1042 503 1093 fuit,
1105 1044 1143 1080 in
1174 1044 1245 1081 hac
1277 1045 1366 1081 vita.

175 1137 246 1171 52.
284 1133 357 1169 Hic
388 1137 530 1170 terram
562 1144 643 1170 cum
676 1133 871 1171 Abraham
995 1134 1068 1174 5b.
1107 1135 1180 1171 Hic
1212 1145 1294 1170 cum
1327 1135 1496 1172 Iohanne
1527 1135 1628 1182 regis

286 1190 439 1236 reliquit
472 1195 508 1226 et
539 1195 718 1237 cognatos
1106 1192 1290 1227 incestum
1321 1191 1522 1238 increpare

287 1251 447 1293 propter
477 1247 611 1285 Deum.
1108 1259 1181 1284 non
1213 1248 1358 1286 metuit.

175 1338 246 1376 6a.
284 1336 384 1373 Huic
415 1342 567 1383 pastum
996 1338 1068 1377 ob.
1108 1338 1207 1375 Huic
1239 1339 1383 1375 caelum

289 1394 354 1430 dat
385 1394 488 1430 Deus
1107 1395 1265 1442 obsequi

286 1450 325 1486 in
358 1450 510 1488 deserto
1108 1457 1164 1488 est
1196 1457 1369 1498 paratum

288 1517 371 1543 cum
403 1508 551 1554 Moyse.
1108 1520 1190 1545 cum
1222 1509 1345 1548 Iosue.

175 1598 243 1634 721.
281 1597 355 1634 Hic
388 1596 488 1634 feras
520 1596 771 1635 mansuefacit
997 1599 1068 1638 71).
1104 1599 1177 1635 Hic
1207 1598 1490 1645 persecutiones

286 1658 320 1696 et
353 1665 485 1691 corvos
516 1659 557 1691 ut
589 1655 693 1692 Elias
1107 1667 1190 1691 cum
1222 1655 1407 1703 apostolis
1440 1655 1583 1694 Christi

290 1714 327 1746 et
358 1710 509 1749 Daniel.
1106 1712 1335 1759 perpetitur.

176 1807 245 1838 541.
285 1802 382 1838 Huic
413 1801 495 1846 ipse
526 1802 699 1838 veritatis
731 1802 850 1839 hostis
994 1802 1068 1840 Sb.
1105 1802 1295 1849 Testatur,
1338 1801 1438 1848 quod
1479 1801 1541 1838 hic
1572 1801 1743 1838 veritatis

286 1863 378 1894 nutu
409 1857 480 1894 Dei
1107 1859 1229 1895 cultor
1260 1857 1372 1897 foret.

580 1949 617 1985 9.
665 1948 745 1985 Nos
777 1959 866 1995 ergo
898 1953 974 1985 tete
1005 1950 1209 1999 poscimus,

664 2005 788 2051 beate,
822 2016 894 2051 quo
924 2017 992 2042 nos
1024 2005 1184 2043 Domino

666 2065 706 2098 tu
737 2063 990 2099 commendes.

265 2150 371 2191 Trop.
410 2161 472 2180 ms.
499 2151 729 2191 Sangallense
760 2161 849 2182 saec.
878 2149 929 2183 10.
980 2151 1062 2182 cod.
1089 2151 1289 2193 Sangallen.
1316 2149 1392 2183 378.
1419 2152 1457 2182 Α.
1486 2168 1525 2172 -
1551 2152 1657 2193 Trop.
1682 2162 1744 2182 ms.

176 2196 405 2236 Sangallense
441 2205 529 2226 saec.
566 2194 614 2226 10.
670 2196 752 2228 (jod.
790 2197 991 2237 Sangallen.
1025 2194 1102 2228 380.
1135 2198 1172 2227 B.
1208 2214 1251 2217 ——
1283 2197 1386 2237 Trop.
1420 2207 1482 2227 ms.
1516 2196 1745 2238 Sangallense

176 2251 265 2272 saec.
303 2239 354 2271 lo.
406 2241 489 2271 (od.
527 2237 726 2282 Sangallen.
757 2240 835 2273 331.
861 2244 898 2273 (J.
924 2260 965 2263 —
991 2243 1094 2283 Trop.
1121 2254 1182 2273 ms.
1210 2242 1439 2283 Sangallense
1466 2252 1556 2273 saec,
1584 2240 1670 2274 l01'11.
1695 2239 1746 2284 [et

180 2284 243 2327 13]
295 2286 379 2317 Cod.
412 2287 613 2327 §ang-allen.
647 2284 723 2318 382.
754 2288 796 2318 1).
827 2306 863 2309 —
892 2289 995 2328 Trop.
1022 2298 1084 2318 1115.
1111 2288 1340 2329 Sangallense
1370 2298 1457 2319 saec.
1489 2285 1538 2318 ll.
1564 2288 1612 2319 in.
1661 2287 1744 2319 Cod.

177 2332 378 2372 Sangallen.
405 2329 481 2362 376.
508 2332 549 2362 E.
574 2349 619 2352 ἡ
640 2332 743 2363 Grad.
771 2343 832 2363 1115.
860 2333 1088 2373 Sangallense
1114 2343 1203 2364 saec.
1232 2331 1283 2363 12.
1333 2333 1414 2365 Cod.
1442 2332 1640 2373 Sangallen.
1667 2331 1743 2364 375.

177 2378 213 2408 F.
323 2376 426 2417 Trop.
462 2387 523 2406 ms.
556 2377 812 2418 Bambergense
844 2389 932 2409 saec.
973 2377 1023 2409 10.
1073 2379 1156 2410 (jod.
1192 2379 1408 2420 Bambergen
1444 2378 1497 2408 Ed
1524 2379 1553 2409 V
1579 2377 1609 2410 9.
1635 2378 1675 2410 G.
1701 2393 1743 2398 -

175 2423 278 2463 Trop.
314 2433 375 2452 ms.
403 2422 658 2464 Bambergense
692 2433 780 2454 saec.
823 2422 873 2455 10.
923 2423 1004 2454 Cod.
1032 2424 1259 2465 Bambergen.
1288 2424 1341 2454 Ed
1368 2424 1419 2454 III
1447 2421 1476 2454 7.
1501 2424 1547 2454 H.
1571 2441 1613 2444 —
1639 2424 1743 2464 Trop.

176 2478 236 2498 ms.
271 2467 555 2498 Emineramense
589 2469 672 2498 anni
708 2467 896 2500 1024—39.
932 2469 1017 2500 Clm.
1052 2470 1234 2500 Monacen.
1271 2466 1397 2500 14322.
1430 2469 1457 2499 Ι.
1487 2485 1527 2489 —
1550 2470 1654 2509 Trop.
1680 2478 1742 2500 ms.
1784 2493 1785 2496 ,

175 2513 458 2543 Emmeramense
493 2522 582 2543 saec.
616 2511 702 2544 ¹¹!12.
738 2513 822 2544 Clm.
856 2514 1027 2545 Monac-en
1076 2511 1201 2545 14083.
1229 2515 1272 2545 K.
1298 2532 1341 2534 —
1367 2514 1494 2554 Hymn.
1521 2517 1556 2545 et
1580 2513 1742 2554 Sequent.
1784 2522 1785 2526 ¹

176 2568 238 2588 ms.
280 2557 560 2589 Fredeslariense
601 2568 690 2589 saec.
736 2559 785 2590 11.
847 2559 929 2591 eod.
972 2560 1154 2590 Kasselan.
1196 2561 1254 2590 IV.
1293 2557 1346 2590 25.
1384 2560 1424 2590 L.
1460 2577 1503 2582 —
1539 2559 1642 2600 Trop.
1681 2568 1742 2590 ms.

176 2602 515 2643 Sannnaglorianum
557 2613 645 2633 saec.
690 2602 742 2635 11.
783 2605 830 2635 in.
892 2604 975 2636 Cod.
1012 2605 1163 2635 Parisin.
1206 2602 1332 2636 13252.
1373 2605 1419 2635 M.
1456 2621 1500 2625 -—
1536 2604 1639 2636 Grad.
1681 2614 1742 2635 ms.
1783 2615 1785 2644 .]

177 2648 519 2689 Sanhippolytanum
556 2659 644 2679 saec.
685 2646 737 2679 12.
794 2649 876 2681 Cod.
916 2650 1157 2681 Vindobonen.
1198 2648 1295 2681 1821.
1330 2651 1370 2681 N.
1406 2669 1447 2672 —-
1486 2649 1649 2690 Sequent.
1681 2659 1742 2679 ms.

176 2694 421 2725 Rhenoviense
447 2703 535 2723 saec.
564 2692 649 2724 1(Ἧι.
699 2694 782 2725 Cod.
808 2695 970 2726 Turicen.
997 2695 1105 2726 Rlien.
1136 2693 1208 2726 132.
1236 2696 1274 2726 (J).

267 2736 331 2776 ‘2b,
366 2736 381 2768 1
417 2738 525 2768 solem
558 2749 685 2769 novum
718 2740 755 2770 L.
792 2757 828 2760 —
866 2738 929 2777 3a,
968 2738 982 2771 1
1010 2741 1136 2771 lustrat
1160 2741 1221 2771 IK.
1247 2757 1289 2761 —-
1315 2737 1375 2777 3b,
1406 2738 1421 2770 1
1448 2740 1521 2771 fotu
1546 2740 1674 2771 HIKL.
1700 2757 1742 2761 —

173 2783 237 2819 412,
264 2782 283 2814 2
312 2794 361 2823 sq.
388 2783 589 2823 umgestellt
613 2784 659 2815 M.
686 2801 729 2806 —-
753 2783 816 2823 41),
843 2784 863 2817 3
894 2787 929 2816 in
954 2785 1018 2816 hac
1045 2790 1136 2817 terra
1161 2786 1201 2816 L.
1228 2803 1271 2806 —
1296 2783 1347 2817 51>
1374 2785 1531 2816 verstellt
1556 2786 1601 2816 M.
1628 2801 1671 2806 —
1692 2783 1743 2816 6a
1773 2808 1775 2810 v
