1785 3111
706 67 1013 108 —537—

72 192 203 214 sexus
234 179 401 221 (Kehrein
427 181 462 214 S.
487 178 568 221 323)
592 180 664 212 1111(1
688 180 748 213 des
774 181 923 213 Gebetes
948 181 1119 218 Gaude,
1144 182 1271 223 virgo
1296 182 1515 223 gratiosa,
1540 182 1646 219 (Ana-

68 228 161 259 lecta
186 227 263 267 XV,
288 225 345 267 93)
368 237 411 258 zu
435 226 566 259 halten.
609 220 782 258 Ᾰ1111110110
807 226 1040 279 W'endnngen
1066 227 1183 258 lassen
1201 227 1293 258 mich
1315 228 1495 259 Hermann
1511 227 1644 268 ¹Ioseph

70 272 159 305 auch
191 273 247 304 fiii
270 273 338 305 den
361 273 543 304 Verfasser
569 272 628 304 des
654 272 780 304 Liedes
807 271 970 303 Summi
997 273 1093 314 regi
1110 283 1124 303 5
1151 282 1242 311 cor,
1269 283 1322 304 ax
1332 276 1398 304 eto
1424 272 1553 311 halten,
1580 273 1642 304 das

70 319 147 350 dem
185 318 291 350 Liede
316 315 423 350 Salte
454 315 583 349 mundi
615 315 776 349 salutate
804 317 1049 359 urspriinglich
1076 317 1173 349 nicht
1198 318 1384 360 angehort,
1418 318 1567 350 sondern
1595 319 1642 349 im

69 364 158 396 stile
182 365 248 396 wie
268 365 305 395 in
325 363 386 395 der
406 357 677 406 Uberlieferung
695 363 792 395 stark
811 363 886 394 abw
891 362 994 394 eicht.
1035 363 1189 394 Endlich
1206 364 1301 395 kann
1320 374 1400 395 man
1419 364 1491 395 sich
1511 365 1641 405 fragen,

70 410 113 441 ob
139 420 244 441 unser
269 408 424 448 Dichter,
450 409 494 440 da
520 419 556 441 er
582 410 638 440 ein
663 408 917 441 Reimofficium
945 409 1007 440 auf
1020 410 1051 441 U
1056 409 1150 440 rsula
1175 409 1319 441 verfasst
1340 409 1411 446 hat,
1438 409 1535 440 nicht
1552 409 1642 441 anch

71 455 250 486 Verfasser
283 454 343 486 des
368 453 640 486 Reimoffieiums
674 454 745 486 und
775 454 835 485 der
860 455 919 495 Hy
922 465 1023 485 nmen
1049 455 1112 486 auf
1133 454 1198 485 den
1223 455 1269 486 hl.
1295 455 1503 486 Potentinus
1527 453 1641 491 (Anal.

67 500 176 538 XIII,
209 498 274 531 217
309 510 382 542 sqq.
417 500 488 532 und
520 501 600 537 XII,
634 497 697 531 221
732 499 795 542 sq.)
828 500 888 531 sei
937 500 1004 531 Die
1034 510 1104 530 von
1129 500 1207 531 Van
1232 500 1291 532 der
1317 500 1431 532 Sterre
1458 501 1491 532 S.
1518 498 1632 532 ‘228st
1610 500 1643 531 ff.

69 545 400 588 herausgegebenen
432 546 544 577 Texte
582 546 660 577 sind
697 545 906 587 neuerdings
941 545 1029 577 ohne
1058 545 1138 586 jede
1169 546 1432 586 Veibesserung
1466 545 1547 577 odei
1578 546 1642 577 Er-

68 591 270 633 liiuterung,
303 591 342 632 ja
379 594 481 623 1111101
514 591 657 632 IVeglas
661 601 750 633 sung
788 591 1152 633 de1·An1ne1kungen
1188 591 1247 623 des
1282 592 1431 623 Hei-&au
1424 592 1547 632 gebel-s
1583 592 1641 622 ab·

68 636 240 679 gedruckt
264 636 404 668 wmden
430 647 500 668 von
525 638 555 667 V
559 647 603 668 an
629 636 826 678 Spilbeeck‚
854 637 952 668 Beati
979 637 1174 668 Heimanni
1199 637 1358 679 Joseph.
1383 661 1390 667 .
1418 636 1641 678 Opuscula,

68 683 234 714 Namurci
261 679 360 714 1899.

389 1020 472 1056 369.
508 1021 565 1063 (1.)
600 1020 754 1056 1111111115
788 1021 835 1055 (10
862 999 895 1056 s.
924 1020 1072 1056 Ursula
1099 1022 1138 1056 et
1165 1021 1311 1057 Sociis.

71 1162 107 1201 1.
154 1160 184 1198 O
216 1163 416 1197 vernantes
447 1158 590 1199 Christi
620 1170 742 1205 rosae,
890 1163 926 1198 3.
960 1160 989 1198 O
1022 1160 1176 1208 reginae
1213 1160 1416 1210 puellares,

154 1217 278 1264 Supra
309 1217 460 1254 modum
492 1216 701 1262 speciosae,
960 1217 1139 1254 Passione
1171 1222 1303 1254 sancta
1333 1228 1459 1264 pares,

153 1274 183 1312 Ο
214 1274 380 1310 nitentes
410 1272 652 1320 margaritae,
959 1274 1039 1310 Deo
1071 1284 1136 1310 vos
1169 1271 1393 1325 familiares,

152 1329 371 1377 Diligenter
403 1329 624 1378 exquisitae,
960 1330 1223 1368 Praedilectae
1253 1331 1476 1379 singulares,

151 1387 361 1434 Eleganter
391 1387 593 1436 expolitae,
960 1387 1068 1424 Nunc
1098 1385 1242 1436 florete,
1274 1399 1373 1424 nunc
1404 1389 1576 1437 gaudete,

153 1444 356 1491 Advenite,
389 1454 448 1480 me
478 1444 620 1488 audite,
959 1444 1117 1490 Semper
1147 1455 1278 1493 novae,
1319 1455 1469 1492 semper
1498 1445 1621 1483 laetae

210 1503 254 1539 In
285 1511 434 1538 servum
465 1511 525 1537 me
556 1500 749 1546 suscipite.
1015 1501 1211 1539 Festivum
1244 1501 1397 1538 chorum
1433 1502 1570 1541 ducite.

150 1558 232 1605 Ego
262 1569 410 1604 pauper
439 1562 552 1604 atque
582 1557 683 1602 talis,
958 1558 1033 1595 Vos
1065 1558 1251 1595 iucundae
1282 1559 1534 1605 philomenae,

152 1616 201 1654 Ut
234 1614 303 1651 sim
335 1618 462 1651 vester
489 1614 679 1661 specialis,
958 1615 1122 1660 Quarum
1151 1620 1298 1652 turmae
1330 1622 1414 1652 sunt
1448 1616 1635 1664 undenae,

149 1673 291 1710 Vestro
325 1669 476 1708 fervens
506 1671 545 1708 in
576 1680 716 1716 amore,
959 1671 1128 1718 Sponsae
1158 1671 1230 1708 Dei
1262 1672 1342 1709 Deo
1375 1673 1521 1719 plenae,

149 1729 287 1765 Vestro
318 1727 384 1766 fiat
416 1739 498 1765 cum
527 1726 691 1776 fervore,
956 1728 1167 1766 Decantate
1198 1729 1348 1766 laudem
1380 1729 1488 1775 bene,

148 1785 248 1823 Dum
280 1796 345 1822 vos
377 1796 442 1822 oro
476 1785 534 1823 vel
566 1785 721 1832 honoro,
956 1786 1173 1832 virginales
1205 1797 1274 1832 per
1305 1786 1461 1823 choreas

152 1842 311 1880 Gratum
342 1846 469 1879 vestro
501 1842 551 1878 sit
582 1842 620 1878 in
653 1841 778 1888 choro,
954 1843 1006 1879 Et
1043 1842 1224 1879 caelestes
1255 1853 1325 1889 per
1356 1843 1503 1890 plateas

209 1899 261 1936 Et
291 1898 423 1946 vicem,
457 1909 597 1946 quaero
629 1899 791 1938 reddite.
1014 1899 1222 1937 Iucundum
1257 1910 1405 1937 carmen
1441 1901 1568 1941 dicite.

67 2060 103 2098 2.
151 2058 180 2096 O
212 2058 374 2105 puellae,
407 2068 428 2094 0
460 2058 643 2106 agnellae,
885 2061 922 2097 4.
953 2058 1052 2095 Date
1083 2069 1194 2095 voces
1225 2059 1262 2094 in
1294 2058 1459 2103 sublimi,

151 2115 294 2153 Christi
327 2124 438 2152 carae
469 2114 810 2161 columbellae,
955 2115 1187 2162 Angelorum
1220 2115 1323 2151 chori
1356 2116 1467 2161 primi

150 2171 239 2210 Sine
277 2171 376 2221 dolo,
405 2171 486 2208 sine
516 2170 618 2217 felle,
956 2172 1097 2208 Locum
1131 2172 1264 2208 dantes
1295 2171 1543 2211 admirentur.

151 2228 255 2266 Caeli
287 2228 433 2275 stellae,
465 2228 538 2265 Dei
570 2229 700 2275 cellae,
956 2228 1210 2265 Iucundantes
1242 2228 1503 2278 collaetentur,

148 2285 312 2323 lubilate
342 2289 588 2332 purpuratae,
956 2285 1131 2321 Vestram
1162 2296 1298 2322 novam
1330 2285 1543 2335 melodiam,

151 2343 362 2381 Coronatae
394 2346 622 2388 conregnate
957 2342 1171 2379 Inauditam
1203 2341 1448 2389 harmoniam,

208 2399 299 2435 Cum
333 2409 428 2445 agno
460 2398 709 2437 innocentiae.
1012 2399 1213 2435 Auscultet
1244 2405 1375 2436 sancta
1407 2399 1570 2438 trinitas

150 2454 179 2493 Ο
212 2466 322 2501 quam
355 2454 445 2491 estis
476 2465 543 2492 vos
575 2465 742 2502 securae,
955 2456 984 2493 O
1018 2455 1181 2492 dilectae
1213 2466 1445 2495 consorores

148 2512 230 2550 Deo
262 2521 413 2559 semper
443 2510 640 2558 fruiturae,
953 2512 1116 2557 Quarum
1130 2523 1317 2559 nunquam
1327 2511 1628 2555 marcentflores,

149 2568 241 2606 Cum
273 2579 345 2615 quo
377 2568 466 2605 estis
497 2578 779 2616 permansurae,
952 2569 1039 2615 Ipse
1068 2569 1141 2606 sibi
1172 2580 1237 2606 vos
1269 2569 1472 2616 praevidit,

148 2624 349 2672 Nunquam
382 2635 425 2662 eo
456 2625 656 2674 cariturae,
953 2626 1023 2671 Qui
1057 2627 1103 2663 de
1134 2627 1233 2664 valle
1262 2637 1328 2663 vos
1358 2626 1579 2672 praescidit.

152 2681 268 2727 Quem
300 2682 451 2730 videtis,
483 2692 593 2729 quem
625 2681 775 2730 tenetis,
950 2683 1029 2719 Vos
1060 2683 1185 2731 elegit,
1218 2694 1283 2720 vos
1316 2683 1465 2729 collegit

148 2738 218 2784 Qui
249 2749 314 2775 vos
345 2739 444 2776 ulnis
473 2739 625 2786 stringit
656 2738 766 2775 laetis
951 2739 1002 2776 Et.
1031 2739 1068 2776 in
1102 2744 1241 2777 sertum
1274 2739 1347 2776 sibi
1378 2738 1504 2785 fregit,

205 2794 347 2833 Serena
376 2796 506 2833 ridens
536 2794 646 2833 facie.
1009 2796 1270 2833 Pulcherrima
1308 2796 1499 2834 divinitas
