1785 3111
171 210 238 247 72.

172 424 242 461 Sa.

171 638 241 675 93.

143 909 241 948 1021.

144 1179 242 1217 lla.

147 1451 243 1488 1221.

152 1766 305 1797 Scliluss:

238 1721 304 1761 Ep.
332 1721 395 1751 III.
420 1737 464 1740 —
489 1721 530 1751 R.

282 210 496 254 Imperator
525 218 547 244 a
578 206 698 243 milite

337 265 562 309 Coronatur,

393 320 566 357 Christus
598 330 620 357 a
651 319 842 365 Iohanne;

284 422 461 459 Formam
503 422 609 468 ponit
646 422 884 472 elementum,

338 479 455 524 Quam
489 479 645 515 dederat

393 535 522 572 Prima
553 535 743 581 nativitas,

285 637 333 674 Et
366 648 432 674 nos
465 647 553 684 ergo
582 640 707 673 mente
738 636 822 683 pari

280 694 401 741 Reges
432 694 525 730 istos
556 693 699 730 imitari

284 750 419 797 sicque
450 750 589 787 trinum
623 750 797 787 venerari

338 807 458 844 Deum
491 807 723 856 studeamus,

285 908 336 946 Ut
368 919 435 945 nos
467 907 671 955 perfundat
705 908 825 954 radio,

283 965 399 1011 Quem
433 976 624 1011 magorum
657 965 813 1002 consilio

284 1021 491 1067 Inspiravit
520 1021 661 1058 indicio

341 1077 482 1115 Stellae
515 1078 685 1115 clarioris

287 1178 335 1214 Et
367 1178 429 1225 qui
460 1178 559 1215 liber
589 1189 611 1215 a
644 1179 815 1225 crimine,

284 1234 400 1272 Sacro
431 1245 627 1283 respersus
659 1234 821 1282 flamine,

285 1291 419 1329 Mundi
455 1293 596 1328 crimen
626 1292 664 1328 in
698 1291 850 1330 flumine

343 1348 513 1385 Detersit
544 1349 671 1397 hodie,

284 1450 335 1487 Et
365 1454 405 1486 ut
436 1460 572 1496 aquam
596 1455 728 1487 contra
752 1460 894 1487 morem

288 1506 374 1544 Vini
408 1507 523 1543 vertit
554 1507 593 1543 in
625 1507 824 1556 liquorem,

286 1565 345 1601 Ita
376 1573 466 1600 suae
496 1573 566 1609 per
598 1574 765 1600 amorem

342 1620 634 1657 Misericordiae

564 1720 605 1751 de
641 1721 788 1759 Roseto,
826 1721 1006 1751 carissimo
1042 1730 1103 1752 suo
1136 1720 1239 1752 simul
1272 1725 1304 1752 et

334 1766 447 1805 „Quia
477 1775 559 1796 vero
586 1775 742 1803 carmen,
781 1765 873 1807 quod
899 1767 935 1796 in
959 1766 1165 1797 festivitatis
1191 1766 1287 1797 illius
1312 1764 1443 1805 (sacrae
1468 1765 1632 1796 videlieet
1657 1774 1715 1806 ap-

899 91 980 132 512
1039 114 1093 119 -—

992 206 1062 244 7b.
1102 206 1200 243 Diva
1231 209 1435 252 perunctus
1465 206 1556 243 alite

1160 263 1386 310 Baptizatur

1217 320 1261 356 In
1293 319 1467 356 Iordanis
1497 329 1622 358 amne.

987 421 1060 460 81).
1096 421 1194 458 Dum
1219 424 1386 458 mutatur
1402 420 1440 458 in
1458 420 1709 468 pigmentum,

1157 479 1260 524 Quae
1291 476 1416 514 fuerat

1217 534 1329 581 Legis
1360 534 1581 572 austeritas,

986 636 1057 675 9b.
1098 638 1245 674 Aurum
1279 637 1318 672 in
1353 636 1555 684 sapientia

1099 693 1176 730 Tus
1207 693 1245 729 in
1277 703 1433 740 precum
1463 691 1685 740 flagrantia

1088 736 1239 787 Carnis
1270 750 1310 786 in
1341 749 1576 786 abstinentia

1160 807 1333 843 Murram
1364 805 1577 844 offeramus.

967 909 1017 946 10
1032 908 1067 946 b.
1105 908 1155 944 Et
1187 918 1254 944 nos
1286 918 1356 954 per
1386 918 1490 944 suam
1522 907 1683 953 gratiam

1102 965 1286 1002 Visitatos
1318 963 1367 1001 ad
1398 964 1564 1015 patriam

1106 1021 1214 1058 Viam
1249 1022 1360 1058 ducat
1391 1031 1461 1067 per
1492 1020 1609 1057 aliam

1161 1078 1271 1115 Vitae
1302 1077 1480 1115 melioris.

967 1178 1065 1216 llb.
1106 1178 1185 1215 Nos
1219 1183 1403 1225 expurget
1433 1190 1455 1215 a
1486 1178 1652 1225 peccatis

1106 1235 1157 1272 Et
1189 1235 1364 1281 antiquae
1397 1235 1595 1272 vetustatis

1109 1291 1252 1328 Labern
1284 1291 1393 1328 tollat
1424 1303 1446 1328 a
1476 1292 1592 1329 reatis

1164 1348 1362 1395 Baptismo
1394 1348 1552 1395 gratiae.

967 1449 1068 1488 121).
1108 1449 1260 1486 Nostris
1293 1449 1401 1486 malis
1432 1460 1499 1486 nos
1531 1453 1657 1496 exuat,

1108 1505 1206 1543 Fide
1237 1517 1305 1543 sua
1335 1517 1403 1543 nos
1434 1506 1578 1556 imbuat

1109 1562 1158 1599 Et
1191 1562 1396 1600 aeternalis
1426 1563 1561 1600 induat

1166 1618 1379 1665 splendore
1410 1619 1565 1666 gloriae.

1337 1720 1532 1751 clarissimo
1562 1721 1648 1751 viro.
1673 1736 1716 1740 —

150 1812 348 1852 pai-irionis)
379 1810 509 1841 honore
543 1811 607 1841 tibi
635 1821 859 1852 paraveram,
894 1812 928 1841 in
954 1821 1022 1853 qua
1048 1811 1124 1842 luce
1150 1811 1301 1843 lucidius
1327 1812 1415 1842 mira
1439 1814 1519 1842 tuae
1545 1810 1715 1842 claritatis

150 1856 306 1897 probitas
333 1866 504 1896 app-{rens
531 1859 563 1886 et
589 1855 816 1887 detractionis
843 1857 983 1887 omnino
1009 1857 1139 1888 delevit
1159 1857 1312 1888 maculas
1330 1860 1364 1888 et
1381 1856 1537 1888 invidiae
1554 1856 1715 1887 tenebras

152 1901 324 1939 abolevit,
362 1902 452 1931 inte1
485 1902 634 1941 impetus
669 1902 930 1932 convolantium
966 1905 998 1933 et
1030 1902 1149 1933 videre
1183 1902 1374 1934 volentium
1411 1905 1444 1934 et
1476 1901 1715 1943 diripientium

151 1946 322 1988 proeellas
349 1955 472 1977 manus
498 1950 574 1977 tuas
597 1947 752 1978 evasisse
771 1948 992 1987 conquereris
1015 1947 1099 1978 illud
1120 1948 1183 1978 tibi
1206 1944 1401 1989 supponi[t]
1418 1948 1550 1989 pagina
1569 1955 1716 1986 sequens

153 1995 185 2023 et
210 1992 357 2033 imponit
382 1991 550 2032 epistolae
580 1990 692 2029 finem
720 1993 779 2033 qui
805 1991 986 2023 dilectioni
1013 2002 1109 2024 meae
1136 2003 1205 2023 non
1232 1996 1346 2033 potest
1372 1990 1543 2034 imponi‘ss
1569 2008 1611 2014 —-

154 2523 190 2560 1.

602 2157 685 2194 348.
724 2159 783 2201 15.)
818 2158 876 2193 De
902 2158 1033 2194 Beata
1058 2158 1189 2194 Maria
1215 2159 1260 2194 V.

538 2252 581 2289 R.
628 2252 792 2301 Nostris,
826 2252 968 2300 regina,
1000 2252 1177 2299 precibus

686 2309 780 2346 Esto
813 2314 946 2356 patens
977 2309 1026 2347 ad
1059 2308 1191 2357 filium,

626 2366 706 2412 Quo
739 2366 865 2402 clauso
898 2367 1012 2413 venit,
1045 2366 1194 2411 ostium,

684 2422 840 2459 Salvare
872 2433 938 2459 nos
971 2422 1017 2459 ab
1050 2422 1234 2462 hostibus

237 2522 388 2559 Laudes
420 2532 596 2558 canamus
629 2523 797 2572 virginis⁷

293 2578 395 2623 Quae
422 2588 606 2624 sermone,
640 2590 712 2615 non
745 2579 886 2616 semine

293 2636 328 2672 A
360 2634 453 2680 Deo,
486 2645 560 2671 non
592 2635 638 2672 ab
673 2635 821 2672 homine

237 2691 300 2728 Fit
331 2690 403 2728 Dei
434 2694 556 2728 mater
587 2691 761 2739 hominis,

238 2747 401 2794 Superni
431 2751 561 2793 saepta
592 2746 756 2784 flaminis

296 2803 398 2842 Urbs
429 2802 641 2850 septiformi
673 2802 840 2842 flumine.

969 2526 1004 2562 2.
1053 2523 1176 2569 Salve,
1210 2523 1327 2570 virgo,
1360 2522 1429 2560 flos
1464 2523 1662 2571 virginum,

1110 2580 1331 2618 Producens
1360 2578 1522 2616 fructum
1554 2580 1711 2626 gratiae,

1110 2633 1224 2672 Cuius
1258 2646 1342 2672 esus
1374 2636 1521 2672 esuriae

1053 2692 1148 2739 Spes
1179 2692 1374 2738 saginatur
1404 2691 1607 2737 hominum,

1055 2750 1098 2786 In
1130 2759 1202 2795 quo
1232 2748 1379 2786 medela
1411 2749 1621 2798 criminum,

1111 2805 1155 2842 In
1189 2815 1261 2851 quo
1293 2805 1395 2842 salus
1427 2805 1622 2843 ecclesiae.
