1785 3111
45 864 117 902 4a.

46 1182 116 1219 5a.

46 1387 115 1423 tia.

48 2077 117 2115 Sa.

49 2452 121 2491 9a,

674 66 983 106 —343—

359 223 441 260 266.
476 223 534 266 (3.)
568 223 614 258 In
639 223 918 268 Assumptione
944 223 1088 258 beatae
1114 221 1283 257 Mariae.

501 308 537 346 1.
583 306 757 355 Exsulta,
792 306 958 343 exaltata

590 373 704 410 super
735 367 864 400 creata
895 366 1042 405 cuneta,

107 483 116 493 .
156 454 349 492 Creatoris
380 454 545 492 omnium

157 511 330 558 genetrix
362 511 446 559 Dei‚

158 568 264 615 virgo
295 568 494 617 virginum,

154 657 224 697 Cui
256 658 391 695 chorus
423 659 544 695 omnis
575 658 705 695 obviat

156 715 196 751 in
227 715 386 752 excelsis

159 771 353 809 beatorum
387 772 602 822 spirituum,

157 863 275 908 Quam
308 862 481 901 Christus
522 873 592 909 per
626 862 792 908 seipsum
864 859 938 898 4b.

157 919 220 955 hic
253 919 392 967 visitat,

159 975 206 1012 de
237 976 361 1012 carnis
392 975 582 1022 ergastulo

159 1033 369 1079 suscipiens

157 1089 291 1126 matris
322 1089 498 1137 animam,

153 1179 230 1218 Sed
261 1190 345 1216 cum
375 1180 424 1216 sit
455 1180 644 1227 sepultum

159 1247 296 1284 corpus
325 1240 430 1274 tuum

163 1293 295 1331 mortis
328 1293 469 1340 debito,

155 1384 273 1430 Quam
304 1384 484 1421 solidavit

158 1441 256 1490 ignis
287 1441 444 1488 spiritus
475 1441 609 1489 sancti,

159 1502 294 1535 testam
325 1498 380 1535 tui

160 1555 331 1602 corporis
361 1554 532 1602 virginei,

158 1612 196 1648 in
227 1622 301 1658 qua
330 1612 450 1658 patris

159 1669 341 1715 splendor
371 1668 491 1705 voluit

158 1725 410 1772 incorporari,

110 1847 118 1855 .
156 1816 185 1854 Ο
217 1819 358 1863 quanta
388 1817 448 1853 vel
479 1816 600 1864 qualis

159 1873 280 1920 gloria
309 1877 374 1910 tuo
405 1872 548 1910 sufficit

160 1930 312 1976 corpori
342 1930 428 1976 plus

159 1997 270 2033 quam
301 1986 471 2033 virgineo
512 2015 518 2022 .

155 2077 226 2123 Qui
257 2077 312 2114 sic
343 2088 449 2114 suam

159 2134 198 2170 in
227 2138 264 2170 te
297 2134 470 2172 devinxit

158 2191 483 2237 omnipotentiam,

158 2247 258 2294 quod
292 2247 385 2285 nulli
417 2248 498 2285 sine
528 2253 565 2285 te

159 2315 264 2341 suam
295 2304 521 2341 monstrabit

158 2361 428 2408 praesentiam.

160 2451 235 2488 Sed
267 2462 336 2488 nec
367 2452 587 2498 patriarcha

124 2510 133 2518 ”
158 2518 228 2545 nec
259 2509 448 2555 propheta

161 2575 231 2601 nec
259 2565 346 2611 plus
378 2577 488 2612 quam
522 2565 712 2612 propheta

161 2627 249 2658 ante
278 2626 316 2658 te
346 2620 525 2668 pervenit

162 2678 211 2714 ad
242 2677 445 2716 Dominum

162 2734 286 2772 adhuc
315 2735 441 2772 clauso

164 2791 258 2828 caeli
289 2802 415 2841 regno,
444 2805 448 2807 ’

865 453 936 493 2b.

867 659 889 695 3
907 657 940 696 b.

865 1179 937 1217 5b.

863 1382 936 1422 6b.

867 1815 939 1855 7b.

868 2076 940 2115 Sb.

872 2457 894 2489 ξ’
909 2451 946 2491 b,

982 452 1101 489 Stella
1132 451 1257 497 maris,
1289 450 1427 495 Maria,

978 509 1073 545 caeli
1104 508 1247 555 regina,

977 565 1107 602 mundi
1141 565 1302 601 domina.

983 655 1152 693 Iubilans
1185 654 1309 701 dignis
1340 654 1516 691 laudibus

980 712 1131 749 exeunti

980 769 1078 815 hino,
1111 768 1280 814 Aegypti
1314 767 1360 804 de
1388 766 1539 804 finibus.

975 860 1168 896 Honorem
1200 858 1269 895 tibi
1301 857 1501 906 praebens,

977 927 1086 963 quem
1118 915 1203 952 fieri

977 972 1167 1020 praecipit
1198 971 1420 1018 parentibus

979 1030 1025 1067 de
1056 1029 1144 1067 filiis

978 1099 1000 1124 a
1029 1098 1068 1123 se
1099 1086 1249 1133 genitis.

974 1178 1112 1215 Adhuc
1143 1187 1188 1213 ne
1219 1177 1408 1222 sepultum

981 1236 1042 1281 sit,
1077 1239 1134 1271 est
1164 1240 1227 1270 tuo

982 1292 1136 1338 dignum
1166 1290 1258 1329 filiu.

976 1384 1085 1420 Hane
1115 1392 1185 1418 nec
1216 1380 1408 1427 eorrumpi

976 1450 1046 1476 neo
1077 1438 1278 1485 putredine
1308 1437 1403 1475 solvi

977 1499 1084 1543 optat
1115 1495 1185 1532 tibi

978 1553 1087 1599 plebs
1115 1551 1240 1589 fidelis
1271 1550 1424 1588 Domini

979 1614 1015 1646 et
1047 1620 1186 1646 corona

979 1666 1256 1713 resurgentium

977 1734 1076 1760 nuno
1107 1727 1144 1759 te
1175 1722 1326 1760 laetari.

975 1815 1087 1859 Hinc,
1131 1814 1231 1861 quod
1273 1811 1613 1860 comprehenderat

977 1871 1400 1919 incomprehensibilem

980 1929 1099 1966 Deum
1129 1932 1263 1965 cuncta

980 1985 1363 2032 comprehendentem
1378 1983 1396 2020 i>

978 2076 1076 2113 Nam
1107 2080 1145 2112 te
1176 2076 1256 2112 sine

980 2133 1077 2169 siout
1108 2132 1210 2169 Deus
1242 2143 1314 2168 non

981 2190 1083 2226 venit
1113 2189 1162 2226 ad
1193 2188 1392 2237 hominem,

981 2247 1036 2282 sio
1066 2247 1174 2283 homo
1205 2246 1286 2281 sine
1317 2251 1355 2281 te

980 2303 1028 2340 ad
1060 2303 1182 2339 Deum
1213 2312 1403 2348 nunquam

980 2360 1189 2406 perveniet.

984 2451 1261 2497 Exspectantes
1293 2450 1347 2486 tui

985 2507 1129 2544 ventris
1160 2506 1338 2554 fructum,

984 2565 1046 2611 qui
1078 2568 1135 2600 est
1165 2574 1252 2610 spes
1284 2567 1512 2607 sanctorum,

983 2632 1053 2667 per
1083 2631 1191 2667 quam
1225 2624 1465 2667 exspectatus

984 2676 1152 2714 fidelium

983 2735 1076 2771 caeli
1109 2734 1275 2771 claustra

982 2791 1178 2829 reseravit.
