1785 3111
692 73 998 113 -165—

336 186 402 225 10.
451 187 627 225 Caesaris
658 188 768 224 huius
800 188 925 226 valeat
955 199 1024 235 per
1055 199 1185 226 aevum

334 452 400 492 11.

334 721 400 759 12.

337 987 403 1026 13.

337 1255 403 1294 14.

336 1522 401 1561 15.

339 1789 403 1828 16.

153 2067 282 2098 Poetae
306 2067 394 2099 Aevi
421 2067 579 2099 Carolini
608 2068 640 2106 I,
675 2065 740 2099 529
765 2068 871 2099 nach:
907 2068 990 2100 Cod.
1017 2068 1219 2110 Sangallen.
1246 2065 1324 2100 899.
1351 2079 1440 2100 saec.
1467 2066 1498 2100 9.
1527 2068 1567 2101 A.
1593 2085 1638 2090 --

63 2112 252 2151 Mabillon,
280 2114 358 2144 Vet.
382 2113 485 2145 Anal.
509 2111 576 2144 410
599 2111 630 2153 (e
658 2113 739 2145 Cod.
767 2115 802 2146 S.
828 2114 962 2153 Vitonil
989 2114 1024 2144 Β.
1050 2132 1095 2134 -
1120 2112 1159 2153 2,
1190 2113 1204 2144 l
1234 2113 1390 2145 Cermius
1417 2114 1457 2145 A.
1484 2131 1528 2135 —
1553 2112 1591 2146 2.
1617 2112 1639 2145 4

64 2157 196 2190 Censor
219 2162 253 2190 et
276 2159 379 2190 iudex
404 2159 443 2190 B.
468 2176 512 2180 —
537 2156 568 2197 3,
596 2158 612 2190 1
639 2159 743 2190 decus
770 2159 891 2190 sudam
917 2160 964 2197 Α,
993 2159 1114 2190 sudam
1141 2160 1380 2201 ecclesiaeque
1406 2163 1504 2201 pater
1521 2159 1655 2193 fehlens

64 2204 103 2234 B.
128 2221 173 2225 —
196 2202 229 2242 4,
257 2201 278 2236 3
304 2204 473 2236 subiendo
499 2205 539 2235 A.
565 2222 610 2225 —
634 2203 664 2242 5,
695 2202 710 2235 1
739 2204 890 2236 adventu
917 2207 956 2236 A.
975 2222 1019 2226 —
1044 2203 1075 2240 6,
1104 2203 1119 2235 1
1148 2207 1243 2246 agito
1269 2206 1349 2245 AB,·
1375 2216 1435 2247 per
1460 2216 1570 2236 annos
1596 2207 1635 2236 Β.

65 2266 108 2271 -
141 2248 178 2288 7,
212 2247 233 2282 3
257 2253 403 2282 ovanter
426 2251 467 2281 B.
491 2267 536 2272 —
568 2247 600 2288 8,
626 2248 646 2281 2
672 2251 824 2281 retinens
852 2252 891 2281 A.
917 2267 961 2271 ——
994 2248 1032 2284 8.
1059 2248 1080 2282 3
1105 2254 1143 2281 ut
1168 2251 1253 2282 fehlt
1279 2252 1326 2289 Β,
1359 2251 1443 2282 deus
1471 2251 1638 2292 operandi

64 2295 104 2326 B.
123 2313 164 2317 —
192 2293 243 2333 11,
269 2293 289 2326 2
308 2296 385 2335 Qua
402 2296 440 2327 Β.
458 2313 502 2317 -
530 2294 580 2333 11,
607 2293 627 2326 3
653 2296 834 2327 toleranda
853 2297 889 2326 Β.
911 2313 951 2317 -—
980 2294 1032 2333 12,
1061 2294 1076 2326 1
1098 2296 1166 2327 Hie
1184 2298 1224 2328 B.
1242 2314 1287 2317 —
1314 2294 1364 2329 12,
1391 2294 1411 2327 2
1429 2297 1637 2337 faveantque

65 2340 104 2371 B.
129 2357 171 2361 —-
201 2338 252 2378 12,
278 2339 298 2372 3
323 2341 455 2372 duelles
481 2341 566 2373 fehlt
593 2341 633 2372 A.
659 2359 703 2362 —
741 2339 791 2378 13,
817 2340 837 2372 3
863 2343 938 2381 Quo
964 2342 1001 2372 B.
1028 2359 1073 2363 —
1102 2340 1153 2379 15,
1180 2340 1200 2373 2
1225 2342 1379 2373 hlothari
1405 2343 1442 2373 B.
1469 2358 1512 2363 --
1540 2340 1592 2380 16,
1619 2340 1639 2373 2

66 2385 207 2427 Semper
232 2390 392 2418 aeternus
418 2388 458 2418 A.
486 2405 530 2408 —
551 2384 600 2427 16,
619 2384 640 2418 3
656 2388 756 2418 Nunc
786 2391 819 2418 et
845 2388 882 2418 B.
908 2403 953 2408 —-
977 2388 1018 2418 In
1043 2388 1073 2419 A
1098 2388 1173 2418 dem
1200 2387 1411 2429 Nachfolger
1436 2388 1639 2425 Theodulfs⁷

448 243 599 281 Nobilis
631 245 791 282 coniunx
823 255 889 282 seu
920 246 1024 282 clara
1054 245 1195 295 proles,

448 299 623 338 Gaudeat
654 299 746 338 felix
777 302 940 349 populus
971 302 1177 350 domusque

582 358 682 395 Pace
713 359 884 405 perenni.

445 453 626 491 Muniunt
656 454 788 491 urbem
819 455 917 492 hanc
947 466 1125 502 proceres
1156 455 1302 504 fideles,

445 510 515 556 Qui
546 511 610 558 pio
642 512 796 550 Christo
828 523 895 548 sua
927 512 1154 550 dedicarunt

447 567 578 604 Hostis
609 568 763 605 adversi
793 569 993 605 tolerando
1026 569 1126 607 bella

583 624 752 671 Corpora
783 628 900 663 easta.

447 721 499 758 Hi
532 721 646 758 duces
676 721 797 758 sancti
829 722 1062 768 reducesque
1093 727 1217 769 sunto,

446 777 501 815 Ut
530 778 599 826 tui,
633 778 785 826 Caesar,
819 777 1046 825 foveantque
1077 784 1205 826 temet,

447 834 593 872 Horum
625 839 662 872 et
687 835 844 872 obtentu
874 845 1030 883 superes
1064 836 1222 884 duelles,

583 891 777 929 Poscimus
809 902 950 930 omnes.

449 987 611 1025 Actibus
641 989 786 1025 cunctis
818 989 970 1035 placeas
1000 989 1149 1026 tonanti

447 1045 497 1082 Et
529 1044 602 1081 Dei
632 1045 734 1093 leges
765 1046 961 1082 mediteris
993 1047 1125 1093 almas,

447 1102 537 1147 Quis
570 1102 668 1139 viam
701 1103 802 1139 vitae
833 1103 960 1140 valeas
991 1107 1122 1140 tenere

584 1159 755 1196 Tramite
786 1165 903 1197 recto.

451 1255 650 1301 Temporis
682 1255 792 1292 huius
823 1257 947 1303 spatio
978 1261 1134 1303 peracto

447 1311 541 1350 Alta
572 1313 831 1349 conscendens
863 1313 998 1350 subeas
1030 1315 1216 1361 polorum,

448 1369 503 1406 Te
534 1369 618 1415 pius
650 1375 775 1417 captet
812 1370 948 1407 chorus
979 1372 1198 1417 angelorum

584 1425 637 1462 Et
667 1426 742 1463 sibi
771 1427 914 1473 iungat.

448 1522 478 1560 O
512 1522 626 1559 decus
657 1523 776 1572 regni,
809 1523 959 1572 imperii
990 1536 1172 1571 propage,

453 1579 583 1616 Macte
611 1584 652 1616 tu
683 1591 833 1627 semper
864 1581 1003 1630 vigeas,
1039 1581 1230 1628 Hluthari,

452 1635 503 1673 Et
538 1637 660 1683 patris
690 1637 819 1673 sedem
851 1643 980 1674 teneas
1010 1643 1185 1684 potenter

588 1693 721 1731 Saecla
751 1705 821 1742 per
851 1695 990 1742 ampla.

452 1789 509 1828 Sit
539 1790 642 1836 patri
673 1795 708 1826 et
740 1795 829 1828 nato
860 1791 930 1827 tibi
962 1791 1193 1838 spiritusque

449 1846 640 1893 Splendor
671 1851 848 1884 aeternus
880 1848 1000 1884 honor
1031 1854 1145 1895 atque
1176 1859 1326 1897 perpes,

450 1903 561 1940 Nunc
592 1910 633 1940 ut
665 1905 703 1940 in
735 1915 928 1953 praesenS‚
962 1905 1017 1941 ita
1048 1910 1085 1942 et
1114 1905 1153 1941 in
1185 1904 1313 1942 futura

587 1960 747 1998 Saecula
778 1972 939 2008 semper.

68 2431 172 2463 Ionas
198 2432 479 2474 zugeschrieben.

371 2644 407 2683 1.

538 2544 618 2579 120.
654 2545 711 2586 (4.)
747 2544 792 2578 111
818 2544 998 2579 Adventu
1027 2544 1164 2587 Regis.

454 2643 483 2680 O
516 2648 626 2689 pater
658 2644 748 2680 cleri
780 2643 987 2691 populique
1019 2644 1144 2684 decus.

456 2699 596 2737 Caesar
621 2700 759 2746 insigni
791 2700 933 2746 pietate
965 2701 1125 2747 pollens,

454 2756 506 2794 Ut
539 2755 640 2794 fores
672 2762 820 2793 nostras
852 2757 968 2794 adeas
999 2757 1177 2806 libenter,

592 2813 787 2850 Poscimus
818 2824 958 2853 omneS.
