1785 3111
98 181 163 219 11.

99 453 165 493 12.

99 727 164 765 13.

102 998 167 1037 14.

96 1270 160 1309 15.

96 1545 161 1583 16.

95 1816 160 1854 17.

92 2087 158 2128 18.

91 2355 155 2395 19.

91 2621 157 2658 20.

716 62 1024 104 -435—

196 180 226 218 O
251 179 401 229 decora,
435 179 555 216 Deum
585 188 663 225 ora,

254 237 307 275 Ut
340 235 403 273 det
434 235 525 271 mihi
559 235 720 281 veniam,

197 293 250 330 Et
280 292 331 329 sis
364 297 500 341 custos,
534 302 580 328 ne
611 290 785 328 robustos

255 350 364 387 Meos
395 349 522 386 hostes
554 348 726 386 sentiam.

197 452 390 501 Obtineto,
422 456 476 498 ut,
508 451 607 498 quod
640 456 739 497 peto,

251 509 408 546 Merear
438 507 624 555 accipere,

200 566 255 605 Ut
285 567 326 603 in
356 564 469 602 finem
500 575 574 601 non
607 564 792 601 declinem

258 623 293 660 A
325 625 429 659 recto
459 621 607 659 itinere.

197 726 226 764 O
258 725 397 774 puella,
433 734 528 771 quae
555 728 596 761 ut
627 723 738 760 stella

251 782 442 819 Matutina
474 781 615 826 radias,

195 840 287 877 Cum
301 843 505 875 nocturnas
518 837 666 884 pellens
676 835 829 874 umbras

252 896 391 932 Veram
423 895 544 931 lucem
576 893 742 938 nuntias,

199 997 335 1035 Curam
368 996 478 1039 habe,
510 1000 551 1032 ut
582 1008 603 1034 a
634 995 720 1032 labe

253 1053 462 1092 Criminum
493 1052 686 1101 purifices,

193 1111 258 1159 Et,
290 1121 364 1157 qua
395 1109 506 1158 nites,
538 1114 622 1146 tuos
655 1109 752 1146 dites

252 1167 439 1205 Castitate
470 1166 675 1214 supplices.

197 1270 380 1316 Princeps
416 1269 548 1306 mortis
580 1279 647 1305 nos
678 1268 829 1306 intortis

252 1326 443 1373 Inquietat
473 1325 628 1373 iaculis,

194 1384 251 1421 Tu
282 1384 429 1426 resiste,
462 1393 508 1419 ne
540 1394 607 1419 nos
638 1382 709 1418 iste

252 1440 338 1477 Suis
369 1439 496 1476 trahat
528 1438 703 1478 vinculis.

194 1543 299 1579 Dona
316 1552 462 1589 pacem,
479 1552 548 1589 per
564 1552 675 1588 quam
696 1551 824 1579 vacem

248 1598 398 1636 Divinis
427 1598 629 1645 obsequiis,

192 1656 250 1693 Nc
282 1666 352 1703 per
383 1666 492 1692 curas
523 1656 751 1692 transituras

249 1713 358 1750 Veris
390 1712 520 1759 priver
551 1712 711 1761 gaudiis.

193 1816 265 1862 Da,
297 1819 337 1852 ut
369 1818 516 1862 gratum
549 1813 772 1851 famulatum

246 1872 421 1909 Reddam
453 1871 533 1917 regi
563 1871 718 1918 gloriae,

191 1929 242 1967 Et
272 1929 392 1975 ipsius
421 1939 526 1965 amor
556 1928 640 1976 pius

248 1986 360 2023 Meae
391 1985 466 2022 sint
499 1985 671 2022 deliciae.

191 2088 290 2125 Reos
320 2087 460 2124 munda
491 2091 527 2123 et
560 2086 753 2124 circumda

247 2144 328 2181 Tuo
358 2155 426 2181 nos
457 2144 663 2193 praesidio,

189 2201 268 2238 Fac
299 2211 452 2238 securos
483 2212 550 2238 nos
582 2204 617 2237 et
649 2211 764 2248 puros

249 2258 309 2295 Ab
341 2257 441 2295 omni
473 2257 659 2304 contagio.

190 2354 365 2391 Liberari
396 2357 433 2390 et
464 2353 604 2390 salvari

246 2412 320 2449 Per
350 2415 388 2447 te
419 2421 486 2447 nos
518 2409 754 2455 confidimus,

188 2469 306 2515 Quam
330 2467 549 2504 clementem
574 2471 608 2503 et
631 2470 823 2513 potentem

245 2524 369 2572 Super
398 2534 526 2561 onmes
556 2523 739 2560 novimus.

189 2619 288 2657 Nam
318 2620 520 2667 praedives
551 2620 651 2657 inter
682 2620 782 2658 cives

244 2677 298 2714 Es
330 2677 504 2713 caelestis
535 2677 694 2726 patriae,

192 2733 252 2770 Ex
273 2744 348 2780 qua
367 2737 506 2782 manat,
531 2734 592 2780 qui
614 2744 681 2770 nos
699 2737 819 2778 sanat,

246 2789 350 2827 Fons
383 2790 556 2827 caelestis
589 2790 747 2837 gratiae.

921 177 986 217 21.

919 452 939 488 Ιυ

947 452 983 488 [ἐκ

917 997 983 1034 24.

916 1269 984 1306 25.

915 1542 978 1579 26.

865 2084 868 2086 ’
912 2087 976 2126 28.

911 2354 974 2391 29.

908 2620 975 2658 30.

1020 178 1049 216 O
1082 177 1228 226 sophia,
1261 187 1371 224 quam
1403 177 1529 214 Maria

1074 234 1315 271 Incarnatam
1347 233 1482 280 edidit,

1018 290 1098 328 Nec
1139 291 1194 328 sic
1223 289 1353 327 florem
1384 291 1444 327 vel
1477 290 1650 328 decorem

1074 347 1272 385 eastitatis
1302 347 1485 396 perdidit,

1016 449 1101 486 Tibi
1135 454 1244 487 canto
1276 460 1374 486 nunc
1405 460 1474 496 pro
1506 453 1612 487 tanto

1073 506 1224 543 Laudes
1257 505 1453 551 beneficio,

1016 564 1097 610 Quo
1129 563 1260 600 laetati
1292 568 1329 599 et
1362 563 1472 600 ditati

1077 619 1212 657 Sumus
1244 620 1343 657 vitae
1375 619 1558 666 praemio.

1015 723 1098 760 Rex
1130 722 1325 768 virtutum,
1359 722 1462 758 euius
1494 726 1626 760 nutum

1073 778 1178 815 Nihil
1211 782 1335 824 potest
1369 776 1514 825 fallere,

1017 836 1095 872 Nos
1125 839 1232 871 tuere
1263 838 1375 881 atque
1406 845 1519 871 verae

1073 891 1186 928 Lucis
1219 891 1298 928 dita
1329 901 1496 930 munere.

1016 995 1088 1040 En,
1121 994 1267 1030 ieiunus
1300 1005 1320 1030 a
1353 997 1388 1030 te
1419 1004 1553 1030 munus

1076 1052 1207 1097 Posco,
1240 1061 1286 1087 ne
1320 1049 1505 1099 deficiam,

1015 1109 1066 1146 [t
1099 1119 1292 1144 sacrarum
1326 1107 1600 1154 scripturarum

1070 1164 1167 1201 Mihi
1200 1165 1266 1201 des
1297 1164 1506 1202 scientiam.

1016 1267 1138 1304 Minas
1170 1267 1279 1313 panis
1313 1266 1413 1302 velut
1447 1265 1549 1303 canis

1072 1324 1166 1360 Dari
1198 1324 1290 1360 mihi
1321 1323 1484 1373 postulo,

1014 1382 1077 1429 Et,
1112 1380 1212 1427 quod
1244 1390 1395 1427 quaero7
1427 1384 1491 1417 tuo
1523 1389 1634 1425 spero

1071 1438 1125 1474 Te
1158 1437 1331 1474 daturum
1364 1436 1527 1475 servulo.

1012 1540 1094 1577 Rex
1128 1539 1302 1586 benigne,
1335 1537 1395 1575 fac
1426 1548 1485 1575 me
1516 1538 1627 1585 digne

1068 1597 1188 1633 Tuam
1219 1601 1375 1632 matrem
1409 1595 1544 1636 colere,

1011 1654 1114 1699 Quae
1145 1653 1311 1699 portavit
1345 1657 1379 1688 et
1412 1652 1567 1689 lactavit

1067 1710 1120 1746 Te
1151 1713 1299 1746 sacrato
1329 1709 1457 1746 ubere.

970 1843 977 1851 .
1010 1813 1069 1849 Da
1102 1812 1293 1856 virtutem,
1326 1815 1366 1847 ut
1398 1809 1558 1847 refutem

1068 1869 1223 1907 Omnem
1254 1867 1544 1913 innnundifiam,

1009 1926 1088 1963 Fac
1120 1936 1178 1962 me
1210 1925 1349 1972 mitem,
1382 1928 1422 1961 ut
1454 1924 1615 1962 (levitem

1069 1983 1197 2020 Zelum
1231 1986 1265 2018 et
1297 1980 1526 2028 superbiam.

1009 2086 1265 2123 Honestorum
1299 2085 1389 2121 mihi
1420 2095 1563 2121 morum

1067 2143 1166 2180 Para
1197 2142 1434 2188 elegantiam,

1009 2199 1115 2237 Pelle
1149 2199 1286 2242 dolum,
1315 2202 1354 2234 ut
1388 2202 1424 2234 te
1456 2197 1574 2234 solum

1064 2256 1167 2292 Pura
1198 2259 1323 2291 mente
1354 2255 1518 2301 cupiam.

1009 2353 1095 2389 Iesu
1126 2352 1234 2401 bone,
1269 2352 1323 2388 sie
1355 2351 1514 2397 dispone

1064 2409 1207 2446 Horam
1239 2409 1312 2444 mei
1343 2408 1538 2451 transitus,

1009 2465 1059 2504 Ut
1092 2465 1141 2503 ad
1174 2465 1328 2502 chorum
1358 2465 1561 2501 electorum

1064 2523 1174 2560 Meus
1205 2526 1337 2569 pergat
1369 2521 1539 2568 spiritus.

1009 2620 1124 2656 Pater
1153 2619 1269 2661 Deus,
1302 2617 1357 2654 fili
1387 2617 1502 2662 Deus,

1062 2676 1165 2712 Deus
1197 2676 1294 2712 alme
1325 2674 1493 2722 spiritus,

1006 2733 1081 2770 Per
1110 2736 1266 2769 aeterna
1297 2742 1363 2767 nos
1395 2729 1576 2777 guberna.v

1066 2789 1166 2825 Deus
1196 2799 1302 2826 unus,
1336 2786 1498 2824 saecula.

1361 2851 1432 2883 25*
