1785 3111
681 57 983 98 —399—

398 193 479 228 308.
516 193 597 235 (11.)
636 193 695 228 De
721 194 863 228 sancta
888 192 1018 227 Maria
1047 192 1300 235 Mag-dalena.

696 263 749 295 Ad
774 265 1000 295 Nocturnum.

79 354 119 393 1.
150 354 288 400 Maria,
320 358 441 391 mater
471 354 636 401 Domini,
899 357 936 392 5.
970 354 1142 390 Haerens
1174 355 1276 391 humi
1306 354 1519 391 miserrima

149 411 284 455 Maria,
317 422 425 448 soror
454 411 604 457 Lazari,
970 410 1245 459 Complectitur
1276 411 1426 459 vetigia,

150 469 257 506 Duae
287 471 471 514 patronae
502 468 660 505 caelitus
968 467 1112 517 Undas,
1147 479 1238 514 quas
1270 467 1368 505 fudit
1400 468 1531 513 oculis,

150 524 321 562 Collatae
352 528 439 561 sunt
469 523 659 563 fidelibus
968 524 1045 560 Piis
1078 525 1272 562 desiccans
1305 525 1456 563 osculis.

76 614 116 653 2.
143 615 273 661 Impar
303 615 443 652 ancilla
475 615 664 663 dominae,
895 616 932 652 6.
965 616 1137 652 Accessit
1171 615 1250 651 eius
1281 615 1416 652 merito

147 672 222 710 Sed
253 672 338 719 pari
369 670 516 719 fulgens
547 672 722 719 nomine3
965 672 1158 708 Mirabilis
1193 672 1374 718 dignatio.

147 729 254 766 Haec
287 727 408 766 forma
440 729 707 777 paenitentiae,
965 728 1168 774 Unguento
1200 730 1311 765 nardi
1343 728 1470 775 pistici

148 787 200 822 At
231 785 299 823 illa
328 791 450 823 mater
481 786 625 824 veniae.
966 784 1143 822 Perfudit
1174 790 1287 831 caput
1318 785 1484 823 Domini.

78 876 118 913 3.
151 875 223 912 Est
252 875 320 912 illa
350 877 457 923 virgo
490 875 688 922 virginum,
895 877 929 916 7,
962 877 1144 922 Aequalis
1176 876 1308 913 mundi
1338 876 1509 912 terminis

145 931 368 969 Sanctorum
403 933 583 979 princeps
615 932 792 979 omnium,
963 932 1063 970 Laus
1095 933 1203 970 huius
1235 934 1337 970 vivet
1367 934 1506 980 operis

143 988 249 1026 Haec
279 994 520 1036 peccatorum
553 989 703 1026 conscia
965 989 1201 1027 Concurrens
1233 990 1428 1037 evangelio

143 1045 195 1082 Et
226 1046 437 1083 criminosis
470 1046 679 1083 commoda.
964 1047 1053 1093 Ipso
1085 1051 1248 1084 testante
1279 1047 1454 1085 Domino.

71 1136 112 1174 4.
146 1136 272 1173 Maria
302 1137 419 1182 pedes
450 1137 591 1184 genuit,
895 1139 931 1175 8.
966 1138 1065 1174 Huic
1097 1148 1136 1174 se
1168 1148 1368 1184 resurgens
1400 1138 1582 1175 Dominus

144 1192 244 1238 Quos
276 1193 343 1230 illa
373 1194 529 1240 plorans
561 1193 695 1240 tenuit,
964 1193 1227 1231 Manifestavit
1259 1195 1447 1242 primitus,

146 1247 241 1295 Quia
273 1250 408 1287 dilexit
438 1250 606 1299 nimium,
967 1250 1152 1288 Infamem
1183 1252 1372 1298 quondam
1406 1250 1584 1289 feminam

149 1306 337 1355 Purgatur
366 1307 453 1344 labe
484 1307 695 1344 criminum.
967 1308 1209 1345 Constituens
1240 1310 1462 1355 apostolam.

537 1399 576 1436 9.
609 1398 664 1435 Sit
693 1399 795 1444 patri
828 1401 910 1437 laus
941 1399 1110 1446 ingenito

610 1455 661 1492 Et
692 1456 770 1492 eius
801 1456 995 1503 unigenito

610 1513 702 1549 Cum
735 1513 871 1558 spiritu
904 1513 1090 1559 paraclito

610 1568 691 1605 Nec
721 1574 809 1606 nato
842 1580 911 1605 nee
942 1569 1121 1616 ingenito.

148 1669 250 1700 Brev.
278 1679 341 1700 ms.
368 1668 401 1699 S.
429 1669 547 1700 Albini
573 1669 799 1711 Andegaven.
827 1680 916 1702 saeC.
945 1669 995 1702 15.
1056 1671 1139 1703 Cod.
1166 1671 1388 1712 Andegaven.
1419 1670 1491 1704 108.
1518 1672 1557 1703 A.
1583 1689 1626 1693 —

53 1714 157 1745 Brev.
183 1724 246 1745 ms.
275 1714 337 1747 SS.
367 1714 514 1746 Cosmae
547 1718 581 1746 et
606 1716 772 1747 Damiani
798 1727 905 1758 prope
930 1717 1087 1748 Turones
1115 1726 1203 1748 saec.
1232 1715 1283 1747 15.
1342 1717 1425 1748 Cod.
1451 1719 1624 1749 Turonen.

59 1756 133 1791 152.
158 1760 197 1790 B.
232 1776 274 1781 -—
299 1760 427 1800 Hymn.
453 1771 516 1792 ms.
542 1760 795 1802 Andegavense
828 1771 918 1793 saec.
948 1761 997 1793 14.
1049 1762 1131 1794 Cod.
1158 1762 1383 1804 Andegaven.
1413 1761 1484 1795 105.
1512 1763 1549 1796 C.
1582 1781 1623 1785 —

55 1805 186 1844 Hymn.
213 1815 277 1836 ms.
304 1805 556 1847 Andegavense
583 1816 672 1838 saec.
703 1805 754 1838 14.
804 1807 887 1839 Cod.
912 1807 1138 1849 Andegaven.
1167 1806 1239 1839 106.
1267 1809 1309 1839 D.
1336 1826 1380 1829 —-
1404 1809 1625 1840 Breviarium

53 1849 236 1882 Lochense
254 1851 336 1892 imp.
361 1851 559 1883 Turonibus
589 1849 685 1884 1536.
712 1852 754 1883 Ε.
780 1870 824 1873 -
848 1854 1068 1884 Breviarium
1093 1853 1127 1885 S.
1152 1853 1274 1884 Albini
1291 1853 1515 1895 Andegaven.
1542 1856 1624 1897 imp.

55 1895 238 1938 Andegavi
267 1894 364 1928 1531.
389 1897 427 1928 F.
460 1913 504 1918 —
536 1898 636 1928 Brev.
665 1898 699 1929 S.
725 1898 871 1929 Melanii
897 1899 1076 1930 Redonen.
1102 1900 1183 1939 imp.
1210 1899 1362 1931 Redonis
1392 1898 1488 1931 1522.
1514 1901 1554 1933 G.
1582 1918 1623 1921 —

54 1941 281 1982 Beaugendre
306 1942 327 1973 1.
353 1952 382 1973 e.
408 1942 472 1973 col.
503 1940 599 1974 1555.
625 1954 675 1985 sq.
703 1943 750 1974 H.

147 1986 215 2018 Str.
242 1984 263 2019 3
288 1987 373 2019 fehlt
397 1988 435 2019 F.
460 2005 504 2008 —
529 1986 559 2025 5,
582 1986 605 2019 4
629 1989 783 2020 desiccat
806 1989 846 2021 G.
873 2007 915 2010 -—
942 1992 1009 2022 Str.
1037 1988 1055 2020 7
1083 2001 1148 2021 nur
1171 1992 1208 2021 in
1236 1992 1279 2021 H.
1299 2008 1340 2012 -
1359 1987 1390 2027 S,
1423 1990 1437 2022 1
1468 1991 1559 2022 Huic
1589 2002 1625 2023 se

54 2041 199 2073 surgens
224 2032 265 2064 E.
296 2049 336 2054 ——
359 2033 438 2075 Vgl.
465 2034 566 2065 Anal.
592 2035 674 2074 XII,
703 2032 765 2065 167
792 2045 842 2076 sq.
869 2037 975 2066 Sowie
1000 2036 1061 2067 das
1087 2047 1129 2066 zu
1156 2036 1215 2067 Nr.
1245 2034 1284 2068 10
1311 2036 1507 2068 Beruerkte.

383 2190 465 2226 303.
506 2190 586 2233 (12.)
623 2191 681 2225 De
711 2190 853 2226 sancta
878 2191 1009 2226 Maria
1039 2192 1293 2235 Magdalena.

723 2260 777 2292 Ad
801 2261 949 2293 Laudes.

69 2351 106 2391 1.
139 2352 278 2389 Omnes
308 2352 504 2402 immundi,
539 2353 692 2402 currite,
887 2355 923 2392 3.
955 2355 1034 2401 Qua
1066 2356 1253 2401 quondam
1285 2356 1389 2392 nulla
1420 2356 1578 2402 turpior,

137 2408 239 2445 Fons
271 2414 378 2455 patet
406 2409 680 2457 indulgentiae,
957 2411 1037 2455 Qua
1068 2422 1167 2447 nunc
1198 2412 1261 2448 vix
1292 2413 1370 2449 ulla
1401 2413 1579 2460 sanctior,

139 2464 277 2502 Nullus
310 2466 487 2512 desperet
518 2467 679 2513 veniam,
958 2468 1062 2512 Quae
1094 2468 1236 2506 Christi
1268 2470 1385 2515 pedes
1417 2469 1550 2515 abluit,

139 2521 209 2566 Qui
241 2527 367 2560 servat
399 2524 684 2569 paenitentiam.
956 2524 1031 2561 Sed
1064 2536 1150 2561 mox
1181 2530 1217 2561 et
1250 2531 1361 2572 caput
1392 2526 1542 2564 imbuit.

67 2612 104 2650 2.
136 2612 366 2659 Exemplum
397 2613 468 2650 Dei
498 2612 599 2650 filius
884 2615 922 2652 4.
955 2614 1150 2652 Abhorret
1183 2616 1354 2653 Christus
1386 2617 1588 2663 neminem.

138 2669 314 2706 Ostendit
343 2670 618 2719 peecatoribus,
956 2671 1058 2708 Deus
1089 2683 1163 2709 non
1195 2673 1342 2719 spernit
1372 2673 1585 2721 hominem,

137 2724 314 2772 Mariam,
347 2737 413 2763 vas
444 2727 663 2774 spurcitiae,
957 2731 1124 2775 Agamus
1152 2729 1211 2765 illi
1237 2730 1377 2776 gratias

138 2780 304 2828 Septeno
333 2783 483 2829 plenam
517 2784 712 2823 daemone.
956 2785 1043 2822 Pias
1075 2784 1270 2823 fundendo
1300 2786 1491 2823 lacrimas.
