1785 3111
757 76 1035 117 -73—

328 191 491 229 Funeris
523 191 720 238 exsequias
751 191 908 239 pateris,
940 191 1041 228 vitae
1071 195 1204 228 auctor
1234 195 1271 227 et
1297 190 1412 241 orbis,

230 250 280 287 60
389 249 514 286 lutras
545 248 678 284 mortis
708 248 782 283 iter
814 247 940 284 dando
972 248 1105 284 salutis
1136 258 1258 294 opem.

328 305 468 341 Tristia
501 308 695 340 cesserunt
724 302 898 340 infernae
928 304 1079 341 vincula
1108 304 1216 353 legis,

384 361 625 407 Expavitque
659 361 772 397 chaos
799 360 950 397 luminis
981 371 1046 398 ore
1076 361 1211 407 premi.

331 418 549 463 Depereunt
579 417 759 454 tenebrae
791 417 931 454 Christi
963 415 1110 463 fulgore
1142 416 1305 466 fugatae,

386 474 437 510 Et
467 480 614 511 taetrae
645 475 766 510 noctis
798 474 916 520 pallia
948 485 1076 510 crassa
1107 475 1259 522 cadunt,

225 533 275 569 65
330 529 543 567 Pollicitam
575 530 643 566 sed
674 531 793 567 redde
823 529 950 578 fidem,
984 540 1132 576 precor,
1164 530 1262 567 alma
1292 536 1474 578 potestas,

383 588 513 624 Tertia
543 588 607 624 lux
639 587 776 632 rediit3
810 597 934 634 surge,
967 587 1115 633 sepulte
1146 597 1262 623 meus.

327 644 410 681 Non
445 645 565 688 decet,
597 649 639 680 ut
669 644 802 680 humili
832 643 975 680 tumulo
1005 649 1070 680 tua
1100 643 1268 680 membra
1299 649 1488 692 tegantur,

385 701 469 737 Neu
500 701 662 747 pretium
695 701 824 737 mundi
857 701 946 737 vilia
977 711 1069 737 saxa
1100 706 1286 746 premant.

329 757 529 804 Indignum
563 763 634 804 est,
668 758 772 794 cuius
805 757 1032 794 clauduntur
1064 762 1198 793 cuncta
1229 758 1385 807 pugillo,

231 815 282 852 70
391 814 441 852 Ut
473 820 576 861 tegat
606 814 791 850 inclusum
824 824 917 860 rupe
950 819 1101 850 vetante
1131 813 1242 860 lapis.

327 871 464 909 Lintea
495 872 597 920 tolle,
630 881 778 917 precor,
810 871 966 907 sudaria
996 870 1123 917 linque
1155 871 1343 919 sepulcro,

384 928 441 964 Tu
472 928 564 965 satis
596 938 635 964 es
666 927 787 976 nobis,
821 933 857 963 et
889 928 969 963 sine
1000 932 1037 962 te
1069 927 1162 963 1111111
1195 933 1265 967 est,

331 984 443 1021 Solve
476 990 669 1023 catenatas
700 983 841 1020 inferni
873 983 1037 1020 carceris
1068 983 1221 1020 umbras

385 1041 436 1078 Et
467 1052 603 1078 revoca
634 1052 795 1087 sursum,
828 1040 1013 1086 quidquid
1044 1041 1092 1077 ad
1123 1040 1199 1077 ima
1230 1041 1319 1079 ruit.

231 1099 279 1136 75
333 1098 468 1135 Redde
500 1104 601 1134 tuam
633 1097 783 1142 faciem,
815 1098 970 1134 videant
1000 1097 1223 1134 ut·saecula
1253 1097 1391 1141 lumen,

383 1155 518 1192 Redde
551 1155 662 1201 diem,
695 1155 759 1200 qui
790 1165 856 1190 nos
890 1159 927 1190 te
957 1154 1141 1190 moriente
1172 1153 1279 1200 fugit.

333 1212 408 1249 Sed
441 1212 555 1260 plane
585 1211 754 1258 implesti
786 1221 969 1257 remeans,
1002 1211 1064 1257 pie
1095 1210 1229 1256 victor,
1261 1211 1311 1248 ad
1341 1210 1482 1261 orbem,

388 1269 550 1305 Tartara
581 1279 713 1314 pressa
744 1268 867 1304 iacent
899 1277 968 1303 nec
999 1279 1066 1304 sua
1096 1267 1180 1304 iura
1209 1272 1351 1305 tenent.

328 1324 497 1368 Infertis,
529 1325 833 1362 insaturabiliter
865 1335 956 1361 cava
987 1331 1141 1370 guttura
1171 1325 1354 1374 pandens,

233 1383 283 1420 80
392 1382 463 1427 Qui
494 1374 619 1428 rapuit
652 1392 812 1429 semper,
844 1380 887 1418 fit
917 1386 982 1417 tua
1013 1381 1169 1430 praeda,
1200 1380 1316 1418 Deus.

333 1438 463 1485 Eripis
493 1439 729 1475 innumerum
760 1438 940 1485 populum
974 1437 1020 1474 de
1052 1448 1203 1475 carcere
1233 1438 1366 1474 mortis

384 1496 436 1532 Et
468 1495 638 1542 sequitur
668 1495 777 1543 liber,
810 1506 882 1541 quo
914 1505 1002 1531 suus
1025 1499 1158 1531 auctor
1188 1495 1282 1533 adit.

325 1552 477 1589 Evomit
508 1552 727 1597 absorptam
760 1551 914 1598 trepide
946 1550 1027 1588 fera
1058 1551 1186 1587 bellua
1216 1551 1379 1600 plebem,

387 1609 437 1646 Et
471 1610 518 1646 de
547 1608 656 1645 fauce
688 1609 768 1655 lupi
798 1607 970 1645 subrahit
1001 1619 1119 1654 agnus
1150 1619 1252 1646 oveS.

232 1667 300 1704 85.
334 1665 435 1702 Hinc
465 1666 647 1702 tumulum
679 1670 855 1712 repetens
886 1669 972 1710 post
1003 1670 1149 1701 tartara
1182 1675 1295 1701 carne
1325 1670 1518 1712 resumpta

387 1722 554 1769 Belliger
583 1722 632 1759 ad
665 1723 788 1758 caelos
820 1721 947 1768 ampla
977 1727 1135 1767 tropaea
1166 1719 1301 1759 refers.

333 1779 434 1825 Quos
465 1779 597 1816 habuit
629 1779 789 1824 poenale
821 1778 944 1826 chaos,
978 1778 1052 1815 iam
1085 1777 1255 1814 reddidit
1286 1777 1326 1815 in
1356 1782 1393 1814 te

388 1837 438 1874 Et
469 1847 561 1883 quos
592 1846 692 1872 mors
725 1840 884 1883 peteret,
916 1835 984 1871 hos
1015 1846 1113 1871 nova
1146 1834 1224 1870 vita
1255 1840 1371 1873 tenet.

334 1893 411 1929 Rex
443 1904 563 1939 sacer,
596 1902 696 1940 ecce⁷
729 1892 783 1928 tui
813 1890 939 1928 radiat
971 1902 1061 1938 pars
1092 1902 1228 1937 magna
1259 1891 1457 1938 triumphi,

229 1950 278 1985 91)
388 1950 479 1988 Cum
512 1960 626 1996 puras
658 1949 801 1985 animas
833 1958 942 1985 sacra
972 1948 1127 1985 lavacra
1157 1948 1282 1988 beant.

332 2007 526 2044 Candidus
558 2005 752 2052 egreditur
783 2004 916 2041 nitidis
948 2005 1136 2042 exercitus
1167 2006 1290 2051 undis,

388 2065 513 2110 Atque
544 2068 651 2098 vetus
683 2062 813 2098 vitium
846 2067 985 2108 purgat
1016 2062 1053 2097 in
1083 2072 1193 2098 amne
1223 2072 1333 2101 novo,

332 2119 536 2165 Fulgentes
568 2118 711 2156 animas
743 2119 859 2154 vestis
891 2129 1038 2165 quoque
1071 2118 1236 2155 candida
1266 2118 1402 2166 signat,

388 2176 439 2212 Et
470 2187 582 2223 grege
615 2176 661 2212 de
692 2176 801 2211 niveo
833 2175 971 2221 gaudia
1003 2179 1134 2222 pastor
1163 2175 1290 2213 habet.

230 2234 279 2269 95
333 2233 502 2269 Additur
533 2233 603 2269 hac
634 2232 744 2268 Felix
777 2242 929 2268 consors
962 2231 1137 2269 mercede
1166 2232 1356 2280 sacerdOS,

391 2289 462 2334 Qui
495 2289 586 2326 dare
619 2288 697 2325 vult
728 2288 890 2325 Domino
924 2288 1041 2334 dupla
1072 2288 1215 2325 talenta
1245 2300 1324 2327 5110.

332 2346 394 2381 Ad
426 2346 581 2382 111eli0ra
613 2345 768 2381 trahens
799 2345 930 2391 gentili
963 2354 1092 2381 errore
1123 2351 1316 2393 vagantes,

392 2402 521 2438 Bestia
551 2412 597 2438 ne
629 2408 792 2451 raperet,
825 2402 943 2437 munit
975 2401 1074 2438 ovile
1105 2401 1189 2438 Dei.

337 2460 437 2504 Quos
468 2458 573 2504 prius
605 2458 688 2494 Eva
719 2469 858 2494 nocens
889 2458 1086 2504 infecerat,
1119 2458 1185 2494 lios
1216 2458 1327 2495 modo
1359 2456 1487 2494 reddit

204 2515 282 2552 100
392 2514 588 2551 Ecclesiae
619 2520 748 2560 pastos
779 2514 907 2560 ubere,
940 2515 1050 2560 lacte,
1084 2515 1178 2563 sinu,

334 2571 494 2609 Mitibus
524 2571 698 2618 alloquiis
729 2571 894 2616 agrestia
927 2572 1041 2608 corda
1074 2571 1231 2607 colendo

393 2628 552 2664 Munere
584 2626 687 2663 felici
720 2628 766 2663 de
798 2638 912 2673 vepre
943 2633 1032 2664 nata
1062 2638 1180 2673 seges,

332 2686 481 2732 Aspera
513 2694 603 2731 gens
637 2683 736 2719 Saxo
767 2684 897 2720 vivens
929 2683 1034 2730 quasi
1066 2694 1169 2719 more
1201 2682 1323 2720 ferino

398 2741 451 2777 Te
482 2740 708 2787 medicante,
741 2750 860 2788 sacer,
894 2740 1021 2777 bellua
1052 2740 1179 2777 reddit
1210 2750 1330 2777 ovem.

203 2800 281 2838 105
335 2798 502 2835 Centeno
531 2797 657 2833 reditu
689 2802 811 2832 tecum
843 2807 1020 2834 mansura
1050 2806 1119 2844 per
1149 2807 1282 2833 aevum

391 2854 531 2891 Messis
562 2852 791 2890 abundantis
820 2852 956 2890 horrca
990 2852 1097 2900 fruge
1128 2853 1265 2900 1811185.
