1785 3111
703 70 985 110 —17-

72 186 111 224 3.
141 184 316 231 Suscepit
347 183 515 230 hospites
550 183 674 221 Padus

140 241 323 278 Mercede
352 251 489 287 magna
519 240 724 288 sanguinis,

143 298 283 335 Sancto
314 297 477 344 replevit
508 297 645 344 spiritu

144 355 279 392 Almae
309 353 404 391 fides
436 354 631 400 ecelesiae,

70 448 110 484 4.
141 445 194 482 Et
223 455 264 481 se
294 445 489 481 coronavit
519 445 633 481 trium

141 501 285 540 Cruore
315 512 424 539 sacro
454 505 660 549 martyrum

143 558 362 605 Castrisque
394 563 522 605 raptos
554 558 680 605 impiis

144 615 296 652 Christo
327 615 493 652 sacravit
522 616 672 652 milites.

73 765 110 803 5.
146 761 313 799 Profecit
343 763 391 799 ad
423 761 536 798 fidem
569 761 690 809 labor,

142 819 347 866 Armisque
380 819 480 856 docti
512 818 674 865 bellicis,

142 877 216 914 Pro
246 886 335 923 rege
365 876 480 913 vitam
513 885 666 922 ponere,

146 932 292 970 Decere
324 944 392 979 pro
425 932 576 970 Christo
607 931 700 979 pati.

891 186 926 221 6.
961 184 1046 220 Non
1077 183 1154 220 tela
1184 190 1367 229 quaerunt
1391 182 1528 232 ferrea,

962 241 1046 277 Non
1077 251 1183 278 arma
1215 240 1357 277 Christi
1391 240 1541 287 milites,

960 297 1130 334 Munitus
1160 297 1275 334 armis
1307 296 1488 341 ambulat,

960 355 1098 391 Veram
1130 353 1242 391 fidem
1274 353 1337 400 qui
1368 354 1550 400 possidet.

920 471 928 479 .
961 444 1115 482 Scutum
1149 444 1230 481 viro
1261 455 1327 481 sua
1359 449 1415 480 est
1446 444 1540 482 fides

961 502 1011 538 Et
1042 513 1142 538 mors
1175 502 1400 548 triumphus5
1434 513 1544 549 quem
1565 503 1621 540 in-

1019 558 1152 594 videns

960 614 1080 651 Nobis
1111 618 1295 661 tyrannus
1326 616 1374 652 ad
1407 616 1589 663 oppidum

963 671 1163 708 Laudense
1195 672 1297 708 misit
1328 678 1528 719 martyres.

924 794 931 801 .
966 762 1041 800 Sed
1074 762 1325 799 reddiderunt
1356 763 1497 800 hostias

961 819 1077 865 Rapti
1109 819 1304 866 quadrigis
1336 830 1509 870 corpora,

965 876 1119 924 Revecti
1149 876 1188 912 in
1219 886 1286 913 ora
1316 876 1529 923 principum

965 933 1129 970 Plaustri
1161 933 1403 979 triumphalis
1435 935 1557 973 modO.

167 1022 437 1054 BCDGHKLO.
473 1039 514 1043 -
548 1019 578 1061 2,
613 1019 634 1052 2
664 1021 805 1053 Hanela
837 1023 877 1054 L.
911 1040 953 1045 —·
979 1021 1011 1060 4,
1044 1021 1059 1054 1
1087 1022 1182 1054 Exse
1207 1025 1390 1054 coronavit
1415 1025 1455 1055 G.
1482 1041 1526 1045 -
1550 1023 1579 1061 7,
1609 1023 1624 1056 l

54 1077 138 1099 vero
169 1077 233 1099 sua
258 1068 430 1100 CDGHO.
457 1087 499 1090 —
526 1067 556 1105 ὅ,
584 1065 605 1098 2
630 1068 755 1109 Raptis
784 1065 891 1107 CDG;
918 1069 1112 1111 quadrigiis
1131 1070 1169 1100 B.
1196 1086 1239 1089 ἡ
1261 1069 1475 1110 υοκοίοςίρε
1502 1070 1626 1102 Gloria

50 1113 130 1151 tibi,
156 1113 317 1151 Domine,
345 1116 408 1145 etc.
435 1113 504 1144 ΟΕ.

201 1212 260 1249 14.
297 1213 375 1255 (11).
414 1213 460 1248 In
484 1213 723 1249 Inventione
749 1213 935 1249 Protasii
962 1215 1002 1249 et
1027 1213 1230 1258 Gervasii‚
1254 1215 1482 1259 Martyrum

650 1270 1028 1306 Mediolanensium.

69 1353 108 1393 1.
141 1353 278 1391 Grates
310 1354 391 1405 tibi,
425 1355 523 1399 Iesu,
557 1366 687 1402 novas,

138 1410 236 1447 Novi
270 1415 444 1459 repertor
475 1412 653 1460 muneris,

137 1468 323 1517 Protasio,
358 1468 542 1505 Gervasio

138 1525 378 1571 Martyribus
409 1525 573 1562 inventis
605 1536 711 1564 cano.

68 1618 91 1652 Νι

97 1644 106 1653 .
143 1616 232 1652 Piae
262 1615 433 1652 latebant
464 1616 622 1665 hostiae,

137 1672 213 1709 Sed
245 1683 318 1709 non
351 1672 495 1710 latebat
527 1672 611 1710 fons
643 1684 773 1722 saeer3

139 1730 275 1766 Latere
307 1729 460 1777 sanguis
491 1741 564 1767 non
602 1734 739 1777 potest,

135 1786 206 1832 Qui
239 1786 378 1824 clamat
408 1787 458 1823 ad
490 1787 610 1823 Deum
640 1793 801 1834 patrem.

66 1878 102 1915 3.
136 1877 249 1914 Caelo
282 1875 476 1924 refulgens
509 1877 631 1924 gratia

137 1935 255 1970 Artus
287 1934 475 1971 revelavit
505 1945 646 1979 sacros,

138 1990 349 2042 Nequimus
380 2002 461 2028 esse
493 1996 693 2038 martyres,

136 2047 211 2084 Sed
245 2048 484 2095 repperimus
514 2054 713 2096 martyres.

68 2140 106 2177 4.
138 2138 212 2174 Hic
243 2139 325 2185 quis
359 2139 528 2186 requirat
557 2140 710 2176 testium

139 2194 272 2242 Voces,
304 2195 368 2232 ubi
401 2195 542 2243 factum
574 2201 631 2233 est
660 2195 786 2234 fides?

143 2250 307 2289 Sanatus
337 2253 461 2299 impos
492 2253 670 2290 mentium

137 2308 242 2355 Opus
275 2308 417 2346 fatetur
447 2314 670 2357 martyrum.

889 1358 926 1394 5.
964 1355 1106 1392 Caecus
1138 1363 1292 1402 recepto
1324 1357 1464 1392 lumine

960 1412 1099 1449 Mortis
1121 1424 1252 1450 sacrae
1274 1414 1447 1450 meritum
1475 1413 1610 1459 probat

961 1468 1123 1506 Severus
1154 1474 1211 1506 est
1242 1481 1375 1507 nomen
1411 1471 1502 1517 viro7

962 1527 1061 1565 Usus
1093 1526 1266 1563 minister
1297 1527 1450 1573 publici.

905 1618 929 1656 ².
965 1617 1016 1655 Ut
1046 1623 1256 1664 martyrum
1288 1626 1432 1655 vestem
1464 1619 1589 1665 attigit

962 1674 1013 1711 Et
1043 1685 1111 1711 ora
1141 1674 1251 1711 tersit
1283 1675 1424 1724 nubila,

962 1731 1108 1767 Lumen
1141 1729 1294 1768 refulsit
1323 1732 1427 1769 illico

959 1788 1147 1835 Fugitque
1180 1789 1289 1834 pulsa
1322 1790 1497 1827 caecitas.

920 1911 928 1919 .
963 1879 1094 1917 Soluta
1126 1879 1238 1917 turba
1269 1879 1442 1923 vinculis,

962 1936 1083 1982 Spiris
1116 1937 1321 1973 draconum
1352 1937 1486 1983 libera,

959 1993 1112 2030 Emissa
1143 1994 1232 2030 totis
1263 1994 1434 2038 urbibus,

961 2050 1121 2086 Domum
1155 2050 1256 2087 redit
1288 2062 1370 2087 cum
1403 2052 1540 2098 gratia,

920 2172 927 2179 .
961 2142 1121 2178 Vetusta
1153 2142 1278 2178 saecla
1311 2142 1485 2186 vidimus,

960 2199 1106 2235 lactata
1137 2199 1382 2243 semicinctia,

960 2255 1155 2301 Taetuque
1187 2260 1222 2291 et
1255 2255 1390 2293 umbra
1424 2267 1623 2303 corporum

958 2312 1095 2359 Aegris
1127 2312 1286 2348 salutem
1320 2312 1523 2351 redditam.

139 2398 407 2431 BCDGHKLO.
441 2418 485 2420 ἡ
511 2397 542 2438 4,
569 2398 590 2431 2
615 2403 666 2431 est
690 2400 756 2432 fide
781 2400 823 2432 K.
849 2417 892 2421 —
920 2400 950 2439 7,
980 2400 993 2432 1
1022 2403 1107 2434 tuba
1131 2402 1171 2434 G.
1198 2419 1241 2423 —
1268 2400 1298 2439 7,
1325 2400 1345 2433 3
1371 2401 1416 2433 Et
1442 2404 1549 2434 missa
1575 2403 1609 2433 H

49 2458 91 2462 —
116 2439 147 2480 8,
172 2441 193 2475 3
218 2454 284 2485 que
308 2445 395 2476 fehlt
419 2446 526 2478 BDG.

290 2545 347 2581 15.
385 2546 464 2588 (12).
501 2546 547 2580 In
572 2546 692 2581 Festo
720 2546 836 2581 Petri
861 2547 903 2581 et
928 2547 1046 2581 Pauli
1072 2547 1376 2591 Apostolorum.

65 2626 100 2663 1.
134 2627 401 2673 Apostolorum
435 2629 561 2675 passio

133 2682 243 2720 Diem
275 2685 441 2723 sacravit
471 2686 624 2733 saeculi,

133 2739 238 2777 Petri
268 2741 499 2791 triumphum
528 2742 706 2789 nobilem,

135 2797 245 2834 Pauli
274 2808 451 2836 coronam
481 2798 718 2846 praeferens.

116 2864 165 2890 Dr
174 2874 189 2891 e
199 2873 243 2892 ve
252 2874 282 2899 s,
310 2867 515 2893 Lateinisehe
541 2868 834 2901 Hynmendiehter.

881 2632 919 2669 2.
951 2631 1155 2668 Coniunxit
1185 2632 1362 2677 aequales
1395 2633 1495 2668 viros

957 2687 1077 2724 Cruor
1108 2687 1352 2734 triumphalis
1384 2689 1498 2729 necis,

961 2744 1079 2780 Deum
1112 2749 1261 2781 secutos
1293 2745 1506 2791 praesulem

961 2801 1102 2837 Christi
1135 2802 1329 2838 coronavit
1361 2802 1468 2838 iideS.

1397 2865 1416 2887 Γ)

1397 2890 1415 2897 ..ι
