1785 3111
133 197 197 235 61.

139 751 204 788 62.

133 1306 198 1343 63.

133 1861 198 1898 64.

129 2393 196 2439 65.

757 79 1067 120 —608—

247 196 376 240 Plane,
409 194 483 231 nisi
512 194 665 243 moriar,

299 256 422 288 tecum
454 261 528 287 non
559 250 767 299 quiescam,

246 307 350 350 Oci,
384 307 461 344 oci
493 307 691 344 clamitans

300 375 490 411 nunquam
523 364 784 410 conticescam,

244 421 305 458 Ab
338 421 409 458 hoc
440 421 632 458 desiderio

300 487 389 514 vere
419 488 492 514 non
523 482 727 524 tepescam,

245 535 582 580 Quantumcunque
621 534 706 580 plus
738 533 775 570 in
809 533 879 570 hoc

302 591 454 628 saeculo
485 591 676 629 vilescam.

253 751 359 787 Tunc
388 753 429 785 ut
462 749 614 786 demens
647 749 835 786 clamitat:

305 805 458 842 veniant
489 806 662 854 lanistae,

248 862 319 909 Qui
349 861 517 909 adfigant
548 863 725 899 miseram

307 919 409 956 cruci
441 922 540 956 tuae.
573 919 742 965 Christe,

244 976 331 1013 Erit
363 976 460 1012 enim
492 976 614 1011 exitus

305 1032 426 1069 dulcis
457 1031 549 1068 mihi
579 1032 663 1078 iste,

249 1089 289 1126 si
321 1089 551 1135 complectar
581 1088 744 1126 moriens

305 1146 473 1192 propriis
504 1145 603 1181 ulnis
634 1149 684 1185 te,

246 1302 350 1342 Vere
381 1304 447 1348 sic,
480 1315 555 1340 non
587 1303 699 1340 aliter

301 1360 427 1398 rabies
460 1361 616 1407 doloris,

243 1418 324 1463 Qua
356 1428 421 1455 cor
451 1427 574 1454 meum
606 1417 763 1465 singulis

301 1474 517 1511 terebratur
547 1474 663 1521 horis,

241 1531 407 1571 Deliniri
438 1531 591 1577 poterit,

299 1587 372 1623 nisi
401 1591 455 1632 tu,
489 1587 655 1624 dulcoris

242 1645 345 1691 Fons
377 1644 586 1687 abundans,
618 1643 787 1680 medicus

299 1700 372 1737 mei
405 1701 456 1737 sis
487 1700 693 1747 languoris.

246 1858 344 1896 Sane
376 1859 497 1895 dulcis
528 1859 696 1896 medicus

302 1925 353 1961 es,
386 1916 446 1961 qui
480 1926 667 1961 nunquam
701 1916 848 1964 pungis,

249 1972 323 2010 Sed
355 1983 377 2008 a
408 1972 522 2009 corde
553 1971 684 2009 vitium

299 2027 437 2065 leniter
473 2029 662 2075 emungis3

245 2084 356 2132 Nam,
388 2096 480 2131 quos
511 2085 581 2121 tibi
612 2084 772 2121 firmiter

299 2152 368 2188 per
401 2152 565 2178 amorem
596 2141 733 2189 iungis,

245 2198 336 2235 Tuis
369 2197 660 2236 charismatibus

301 2265 450 2301 semper
481 2265 543 2293 eos
575 2255 696 2301 ungis.

243 2401 341 2447 Heu,
375 2412 483 2447 quam
519 2401 809 2446 damnabiliter-

300 2458 461 2494 mundus
493 2463 550 2494 est
582 2462 767 2504 caecatus,

217 2514 312 2558 ·Qui
345 2524 427 2550 cum
459 2515 505 2550 sit
539 2514 586 2551 ab
619 2514 789 2551 hostibus

301 2569 383 2606 dire
413 2571 645 2619 vulneratus,

246 2626 357 2663 Hunc
389 2626 573 2663 detrectet
605 2627 803 2676 medicum,

303 2693 385 2719 cum
417 2682 466 2719 sit
496 2687 572 2719 tam
603 2688 769 2733 paratus,

242 2739 451 2786 Languidis
482 2739 656 2785 aperiens

299 2806 405 2832 suum
439 2795 549 2833 dulce
579 2795 698 2833 latus!

952 196 1018 235 66.

953 750 1019 787 67.

951 1304 1015 1342 68.

951 1861 1016 1899 69.

1062 194 1160 242 Heu,
1197 205 1265 231 cur
1294 193 1478 231 beneficia

1123 251 1264 288 Christi
1294 250 1482 298 passionis

1065 309 1186 346 Penes
1216 312 1254 344 te
1284 307 1512 357 memoriter,

1121 365 1244 412 homo,
1277 375 1351 401 non
1383 362 1564 410 reponis?

1061 422 1138 459 Per
1167 421 1264 458 hanc
1296 421 1394 457 enim
1426 421 1528 467 rupti
1561 425 1651 457 suut

1119 477 1245 524 laquei
1276 476 1494 525 praedonis,

1063 534 1138 571 Per
1167 534 1265 571 hanc
1298 534 1469 572 Christus
1500 533 1677 571 maximis

1120 595 1157 627 te
1186 591 1320 628 ditavit
1351 590 1472 629 bonis.

1066 747 1140 786 Suo
1175 748 1316 796 quippe
1348 759 1507 795 corpore

1123 805 1341 852 languidum
1372 809 1410 841 te
1441 805 1559 854 pavit,

1065 863 1182 908 Quem
1214 862 1252 898 in
1284 872 1351 899 suo
1382 862 1563 909 sanguine

1121 919 1239 966 gratis
1270 918 1476 966 balneavit,

1066 975 1156 1012 Post
1186 975 1257 1012 hoc
1287 986 1393 1012 suum
1427 975 1536 1012 dulce
1567 985 1631 1013 cor

1122 1031 1193 1068 tibi
1225 1032 1443 1077 denudavit,

1066 1089 1120 1127 Ut
1151 1089 1205 1125 sic
1236 1089 1503 1135 innotesceret,

1124 1148 1303 1191 quantum
1335 1150 1373 1183 te
1405 1145 1558 1184 amavit.

1064 1304 1094 1341 O
1125 1314 1236 1350 quam
1269 1303 1378 1340 dulce
1408 1303 1597 1352 balneum,

1121 1371 1207 1397 esca
1237 1371 1348 1407 quam
1378 1361 1517 1408 suavis,

1065 1418 1168 1464 Quae
1195 1417 1356 1454 sumenti
1389 1417 1500 1464 digne
1532 1416 1576 1454 fis

1120 1474 1291 1520 paradisi
1323 1474 1461 1510 clavis!

1062 1530 1122 1577 Ei,
1154 1541 1264 1577 quem
1295 1534 1335 1568 tu
1366 1529 1501 1580 reficis,

1118 1587 1245 1624 nullus
1276 1586 1385 1624 labor
1415 1586 1553 1635 gravis,

1062 1644 1171 1681 Licet
1202 1644 1253 1680 sis
1286 1642 1441 1681 fastidio

1120 1700 1298 1737 cordibus
1328 1700 1489 1747 ignavis.

1065 1860 1139 1898 Cor
1167 1860 1294 1907 ignavi
1325 1859 1512 1906 siquidem

1119 1916 1271 1953 minime
1303 1916 1520 1964 perpendit,

1061 1973 1124 2010 Ad
1167 1973 1259 2019 quid
1291 1973 1464 2010 Christus
1495 1983 1602 2010 suum
1630 1983 1696 2010 cor

1119 2029 1260 2065 homini
1291 2029 1471 2075 ostendit,

1063 2083 1185 2131 Super
1213 2085 1292 2122 alas
1323 2085 1487 2131 positum

1120 2142 1242 2178 crucis
1272 2151 1341 2178 nec
1371 2142 1544 2193 attendit,

1062 2198 1170 2244 Quod
1202 2197 1437 2235 reclinatorii

1118 2254 1220 2292 vices
1253 2254 1324 2291 hoc
1354 2254 1584 2301 praetendit.

1059 2402 1143 2439 Hoc
1173 2402 1455 2439 reclinatorium

1120 2458 1292 2504 quotiens
1322 2462 1554 2496 monstratur

1064 2514 1155 2552 Piae
1183 2514 1311 2561 menti,
1343 2515 1481 2551 totiens

1117 2571 1150 2607 ei
1176 2571 1395 2619 glutinatur,

1060 2628 1111 2665 Et
1142 2627 1239 2665 sicut
1270 2626 1454 2672 accipiter

1118 2687 1217 2720 totus
1247 2683 1439 2719 inescatur

1062 2739 1184 2786 Super
1215 2749 1364 2776 carnem
1396 2738 1563 2788 rubeam,

1119 2806 1189 2842 per
1219 2806 1328 2842 quam
1361 2799 1570 2834 revocatur.
