1785 3111
748 50 1055 90 —186—

328 164 394 204 10.
440 165 546 202 Haec
578 163 766 200 salubrem
801 163 931 210 dirigit
964 168 1000 200 et
1032 164 1235 213 eohortem⁷

438 221 619 258 Primitus
651 220 793 258 Christi
826 220 979 256 comites
1012 220 1222 267 dehincque

439 276 730 314 Praedicatores
759 276 861 322 fidei,
893 280 934 313 ut
964 277 1121 313 salutem

682 334 849 371 Mundus
881 333 1050 371 haberet.

328 446 393 484 11.
440 445 632 492 Martyres
668 455 749 481 cum
782 445 993 492 virginibus
1024 446 1174 492 paravit

439 501 502 538 Ad
534 502 713 538 honorem
745 502 844 548 regis
875 504 913 538 in
945 512 1033 539 arce
1064 503 1202 551 magnie

443 557 696 597 Christianam
732 559 834 594 ducit
866 559 914 595 ad
947 563 1050 595 astra
1080 559 1242 607 plebem,
1275 560 1324 597 ad

685 615 834 652 Gaudia
866 616 975 655 vitae.

334 729 395 769 12.
445 730 592 776 Corpus
624 730 717 766 haee
749 729 891 768 Christi
924 729 1104 776 copulans
1137 729 1283 773 adunit„

442 786 618 824 Membra
652 797 731 823 cum
766 785 942 822 membris
975 786 1093 823 sociat
1124 786 1308 830 valenter,

442 843 619 881 Membra
651 843 830 889 supponit
861 843 989 889 capiti,
1023 847 1135 889 caput
1164 854 1245 879 011111

687 900 857 945 Corpore
887 900 1019 946 iungit.

330 1014 395 1051 13.
441 1013 555 1059 Eece,
587 1013 680 1049 haec
712 1013 865 1049 dilectio
895 1023 998 1059 vera⁷
1031 1013 1123 1049 haec
1153 1023 1221 1049 arx

445 1069 597 1106 Summa
627 1070 820 1117 virtutum,
855 1074 965 1117 caput
998 1075 1035 1105 et
1065 1069 1208 1117 regina⁷

445 1126 648 1164 Plenitudo
680 1126 773 1162 haec
804 1126 898 1172 legis
930 1126 1138 1172 utriusque,

688 1183 790 1219 Fons
823 1183 1016 1219 bonitatis.

334 1297 397 1336 14.
445 1296 565 1334 Nemo
597 1296 788 1333 viventum
821 1296 903 1332 sine
934 1295 1005 1332 hac
1035 1294 1180 1332 videbit

447 1354 562 1399 Regis
593 1354 738 1390 aeterni
772 1352 922 1399 faciem,
955 1352 1022 1389 sed
1053 1357 1137 1389 atra

447 1410 628 1447 Introibit
656 1410 830 1455 Tartara,
863 1409 995 1446 horret
1023 1410 1121 1446 1111110
1152 1420 1224 1456 quo

690 1465 839 1503 Inferus
871 1466 1023 1504 ardens.

334 1581 400 1620 15.
448 1580 631 1627 Hancque
661 1580 881 1616 mandatum
913 1580 1054 1616 vocitat
1085 1590 1221 1616 novum
1253 1583 1397 1628 auctor,

450 1637 560 1674 Hanc
591 1637 731 1673 habere
765 1637 843 1673 eius
876 1637 1032 1674 comites
1063 1636 1239 1682 iubebat3

449 1694 570 1731 Valde
600 1694 689 1730 hinc
719 1704 787 1730 nos
818 1693 916 1730 hanc
946 1692 1152 1730 habeamus
1184 1703 1313 1731 omnes

691 1750 849 1786 Pectore
882 1761 988 1796 puro.

209 1867 391 1898 Browerus
417 1876 449 1907 p.
475 1862 536 1904 663
565 1864 744 1896 Diimmler
768 1865 813 1899 ΙΙ,
839 1861 915 1895 244.

486 2044 567 2079 136.
604 2044 661 2085 15.)
698 2044 872 2087 Hymnus
898 2043 945 2078 de
972 2042 1108 2080 Natali
1133 2041 1309 2077 Domini.

580 2149 626 2186 R.
675 2148 827 2186 Christo
858 2152 959 2196 nato,
992 2158 1080 2194 rege
1110 2157 1257 2194 magno,

728 2209 827 2241 totus
859 2204 962 2241 orbis
994 2204 1169 2249 gaudeat.

138 2320 176 2359 1.
208 2319 352 2357 Lumen
384 2319 524 2355 clarum
556 2318 628 2354 rite
659 2316 776 2365 fulget
954 2318 991 2355 3.
1025 2317 1135 2353 Hunc
1167 2317 1304 2363 regalis
1338 2316 1443 2363 virgo
1473 2318 1595 2352 mater

265 2379 347 2412 orto
378 2386 512 2421 magno
544 2375 682 2419 sidere,
1080 2378 1191 2419 partu
1223 2373 1391 2419 gaudens
1423 2372 1557 2418 edidit,

206 2432 314 2477 Quod
331 2442 401 2477 per
416 2435 534 2468 totum
549 2431 724 2478 splendet
736 2430 865 2467 orbem
1024 2432 1141 2476 Quem
1175 2429 1331 2467 Gabriel
1363 2428 1551 2466 nuntiavit

261 2488 413 2525 umbras
445 2488 566 2524 noctis
597 2486 793 2535 aufugans.
1079 2487 1306 2523 salvatorem
1339 2486 1516 2532 gentium.

135 2602 173 2639 2.
207 2600 293 2638 Dux
327 2600 373 2637 de
404 2599 510 2649 Iuda,
542 2610 650 2646 quem
678 2600 866 2646 propheta
955 2602 993 2638 4.
1027 2600 1119 2637 Cum
1151 2602 1322 2644 pastores
1355 2596 1596 2642 excubantes

263 2657 352 2693 olim
384 2657 457 2693 iam
488 2657 745 2705 praedixerat,
1081 2666 1171 2691 cura
1200 2655 1347 2691 mordet
1379 2665 1464 2691 nam
1496 2653 1632 2699 gregis,

204 2713 343 2750 Laetus
371 2712 491 2761 nobis,
524 2723 622 2758 6006,
655 2713 756 2749 venit
1023 2712 1156 2749 Clarus
1187 2712 1289 2757 ipsos
1320 2711 1370 2747 ad
1401 2710 1618 2747 laetandum

263 2769 436 2806 Bethlem
466 2780 623 2806 nascens
654 2769 798 2807 inclita.
1078 2768 1300 2804 exhortatur
1329 2767 1494 2804 nuntius.
