1785 3111
783 73 1090 114 —638—

161 189 226 226 89.
271 189 365 232 Ave,
398 187 557 234 pulchra
590 187 796 225 colomellis

268 245 316 281 Et
349 244 508 291 gingivis
541 248 575 280 et
608 244 770 290 labellis,

327 301 489 338 Pulchro
519 301 680 347 pulchra
712 300 810 349 cilio,

266 358 360 403 Ave,
395 357 499 394 cuius
532 358 673 394 calcem
706 358 808 394 clare

269 414 347 450 Nec
379 415 553 450 centenni
584 413 850 451 commendare

324 470 446 508 Sciret
476 470 623 517 Seraph
654 470 796 508 studio.

159 578 223 616 90.
270 578 365 623 Ave,
398 577 567 623 pulchris
598 577 758 624 pulchra
788 576 898 626 suris,

270 634 435 671 Pulchra
465 634 620 680 pulchri
650 634 738 671 nive
765 632 897 683 cruris,

325 690 509 727 Musculis
543 695 578 726 et
610 690 727 736 tibiis⁷

269 747 434 784 Pulchra
446 747 601 794 plantis,
618 747 781 798 pulchra
797 745 898 794 talis,

267 803 469 851 Umbilico,
502 804 618 853 coxis,
652 804 734 849 alis,

323 860 461 897 Nervis
494 864 530 896 et
562 860 725 900 arteriis,

158 969 223 1006 91.
269 969 363 1014 Ave,
397 968 556 1014 pulchra
587 966 708 1016 fauce,
741 977 845 1014 nare⁷

271 1024 384 1062 Cuius
415 1034 523 1060 nemo
555 1034 738 1061 caraxare

324 1082 454 1119 Potest
485 1079 644 1119 formam
676 1080 849 1129 graphio⁷

270 1137 434 1174 Pulchra
465 1137 551 1174 nive
584 1137 800 1185 digitorum,

269 1194 529 1241 Scapularum,
562 1194 792 1231 lacertorum

323 1251 371 1288 Et
404 1250 688 1297 interscapuliO.

156 1353 220 1391 92.
266 1353 361 1398 Ave⁷
394 1352 555 1399 pulchra
585 1351 684 1389 flexu
715 1350 792 1399 fagi

267 1410 431 1446 Vincens
463 1409 569 1459 trica,
595 1409 780 1456 quidquid
803 1409 897 1456 Tagi

322 1466 481 1502 Fulvum
514 1466 621 1513 ripae
652 1466 827 1503 redditur

263 1523 356 1571 Ave,
370 1523 538 1570 pulchra
556 1533 625 1569 per
637 1533 759 1571 quam,
773 1523 811 1559 in
824 1533 897 1570 qua

264 1579 428 1616 Deitatis
460 1580 523 1616 lux
555 1580 768 1626 propinqua

321 1636 482 1674 Pulchre
514 1636 621 1673 nobis
653 1636 786 1676 oritur.

153 1740 218 1778 93.
266 1740 360 1776 Ave.
393 1738 554 1784 pulchra
584 1738 683 1775 lacte
715 1738 815 1787 colli,

271 1795 385 1831 Nullo
416 1795 520 1843 luxu,
553 1795 657 1832 nulla
688 1795 793 1832 molli

322 1851 462 1887 Fracta
493 1851 715 1898 petulantia,

267 1907 379 1944 Cuius
412 1910 537 1944 castae
569 1908 794 1950 sanctitatis,

268 1963 382 2002 Cuius
412 1968 565 2000 sanctae
597 1964 782 2001 castitatis

322 2020 573 2057 Alternantur
603 2020 696 2058 lilia.

153 2124 217 2163 94,
258 2123 352 2166 Ave,
384 2122 554 2170 pulchris
581 2123 740 2168 pulchra
763 2122 888 2169 costis,

264 2179 306 2216 In
324 2190 434 2225 quam
454 2189 501 2215 ne
518 2180 601 2226 quis
618 2190 756 2226 urgens
772 2179 890 2216 hostis

320 2236 509 2272 Notellam
541 2236 790 2285 impungeret‚

263 2292 376 2329 Cuius
408 2292 497 2328 solis
529 2297 565 2328 et
597 2302 756 2329 aurorae

263 2348 390 2385 Faber
421 2347 522 2385 fabri
553 2349 640 2385 stilo
671 2347 763 2386 flore

322 2404 431 2442 Solus
462 2405 594 2442 laudes
626 2405 811 2452 pingeret.

151 2508 218 2545 95„
264 2508 358 2552 Ave,
392 2507 550 2553 pulchra
581 2508 812 2555 lynceorum‚

262 2564 380 2600 Immo
411 2563 529 2609 magis
560 2563 804 2610 limpidorum

321 2620 522 2658 Oculorum
553 2620 646 2666 acie,

265 2676 430 2713 Pulchra
462 2676 569 2722 prole
600 2676 800 2722 gravidata

266 2733 381 2769 Nullo
412 2737 536 2769 tamen
568 2733 727 2770 urticata

324 2789 478 2826 Pruritu
509 2789 699 2828 lasciviae.

1001 189 1066 226 96.
1115 190 1209 234 Ave,
1241 197 1369 236 scopa,
1399 198 1471 234 qua
1502 191 1686 235 purgatur

1114 244 1164 281 Et
1195 254 1268 290 qua
1298 244 1431 290 procul
1461 245 1651 291 relegatur

1170 301 1300 338 Prisca
1330 300 1461 337 mundi
1492 299 1678 348 foeditas3

1114 357 1189 395 Per
1219 360 1256 393 te
1286 360 1431 393 rectum
1463 357 1679 406 circulatur,

1115 413 1214 450 Dum
1245 417 1403 450 naturae
1435 414 1634 460 copulatur

1171 468 1327 508 Infimae
1359 470 1551 510 divinitas,

1001 577 1067 617 97.
1115 577 1195 614 Tuo
1226 577 1289 623 pio
1321 580 1434 623 partu
1465 580 1569 614 recta

1115 633 1346 670 Naturarum
1378 632 1603 680 imperfecta

1171 691 1463 728 Consummatur
1493 690 1607 738 linea,

1117 747 1214 784 Dum
1246 757 1443 793 supremus
1465 746 1508 783 fit
1529 750 1720 785 extremus

1113 803 1165 841 Et
1196 806 1388 840 extremus
1419 802 1462 840 fit
1492 814 1691 852 supremus

1171 859 1330 907 Sumpta
1358 859 1483 897 carnis
1513 860 1659 900 trabea.

1004 968 1070 1007 98.
1117 968 1213 1015 Ave,
1245 968 1364 1015 virgo,
1397 968 1548 1005 schema
1579 968 1671 1017 poli,

1117 1025 1236 1070 Quam
1257 1035 1458 1061 novercam
1478 1024 1619 1061 habent
1636 1024 1719 1071 soli,

1171 1081 1242 1127 Qui
1273 1081 1396 1118 iacent
1426 1081 1464 1117 in
1496 1080 1695 1128 sordibus3

1116 1137 1211 1183 Ave,
1244 1135 1379 1174 fornax
1410 1137 1592 1187 caritatis,

1117 1193 1229 1231 Clara
1260 1194 1341 1230 colo
1373 1194 1572 1240 castitatis,

1171 1250 1293 1288 Claris
1326 1250 1428 1288 clara
1458 1250 1638 1290 moribus,

995 1353 1063 1391 99.
1109 1353 1204 1399 Ave,
1235 1352 1312 1390 vivi
1343 1352 1451 1398 panis
1482 1363 1586 1403 pera,

1111 1409 1356 1447 Conditorem
1389 1409 1555 1446 condens
1586 1412 1688 1446 stera

1164 1466 1305 1504 Trinae
1335 1465 1464 1502 mundi
1495 1466 1713 1515 rnachinae3

1108 1524 1203 1569 Ave,
1237 1526 1340 1559 caste
1371 1521 1586 1569 fecundata,

1115 1579 1232 1616 Nulla
1263 1579 1386 1616 carnis
1418 1579 1575 1616 titillata

1165 1635 1328 1673 Lasciva
1358 1635 1529 1673 libidine.

969 1739 1063 1778 100.
1109 1739 1204 1785 Ave⁷
1237 1738 1355 1787 virgo,
1388 1748 1457 1784 per
1487 1748 1600 1784 quam
1630 1739 1686 1775 rei

1112 1795 1399 1841 Consequuntur
1428 1794 1581 1831 iubilaei

1170 1851 1447 1898 Sempiternam
1479 1849 1636 1900 feriam3

1109 1910 1204 1956 Ave,
1247 1918 1315 1954 per
1346 1918 1456 1954 quam
1487 1907 1712 1953 homicidae,

1109 1964 1321 2012 Parieiclae,
1353 1963 1566 2011 patricidae

1166 2021 1340 2057 Redeunt
1371 2021 1420 2057 ad
1451 2020 1627 2067 patriam.

962 2122 1056 2161 101.
1102 2122 1196 2169 Ave,
1225 2122 1407 2168 templum
1439 2122 1573 2158 summi
1604 2122 1704 2170 regis

1103 2179 1155 2216 Et
1184 2179 1316 2216 latoris
1348 2188 1465 2215 novae
1496 2179 1590 2225 legis

1159 2235 1293 2272 Altare
1324 2235 1590 2280 turicremum3

1107 2293 1201 2338 Ave,
1236 2291 1338 2328 cuius
1371 2290 1479 2328 faber
1510 2291 1589 2338 poli

1108 2348 1321 2386 Renovavit
1351 2347 1421 2384 sibi
1454 2347 1525 2384 soli

1168 2404 1400 2452 virginalem
1433 2415 1611 2444 eremum.

970 2508 1062 2546 102.
1109 2508 1204 2551 Ave,
1237 2511 1357 2543 mater
1388 2510 1425 2542 et
1456 2505 1598 2554 virago,

1108 2566 1211 2611 Quae
1243 2563 1390 2600 vestisti
1422 2562 1546 2598 carnis
1576 2572 1665 2609 sago

1167 2619 1398 2656 Vestientem
1428 2618 1530 2663 lilia3

1108 2677 1203 2725 Ave,
1221 2686 1290 2722 per
1306 2685 1416 2721 quam
1434 2674 1536 2711 Deus
1553 2684 1709 2712 nascens

1113 2734 1172 2770 Ex
1204 2731 1357 2777 antiquo
1389 2741 1618 2778 puerascens

1168 2789 1326 2825 Vinctus
1357 2791 1413 2824 cst
1442 2787 1563 2828 initia,
