1785 3111
765 129 818 134 —
881 107 960 147 136
1019 131 1075 134 —

351 223 415 262 10.
463 222 595 260 Gloria
625 222 707 260 Deo
737 223 788 259 sit
817 222 921 270 patri
952 222 1182 272 perenniter,

467 279 523 316 Sit
554 290 704 326 semper
734 278 854 316 honor
884 279 952 316 alti
983 284 1073 317 nato
1103 279 1278 324 nominis,

466 336 607 384 Virtus,
639 340 806 384 potestas
839 341 1046 383 sanctoque
1077 336 1240 382 spiritui,

465 392 523 430 Sit
553 393 718 430 trinitati
751 393 865 430 decus
898 397 935 429 et
965 393 1165 442 imperium

467 450 541 487 Per
570 449 719 487 infinita
749 450 987 487 saeculorum
1018 450 1184 488 saecula.

231 573 315 606 Cod.
342 572 540 605 Bruxellen.
574 570 765 604 8860-67.
791 583 880 605 saec.
910 570 961 604 10.
987 573 1034 605 in.
1060 572 1100 603 A.
1126 589 1170 594 -—
1196 574 1325 614 Hymn.
1351 584 1413 604 ms.
1440 572 1707 605 Severinianum

139 629 227 651 saec.
256 616 308 651 10.
335 629 386 650 ex.
436 618 519 650 Cod.
553 619 713 650 Vatican.
740 616 838 649 7172.
864 620 904 650 B.
929 636 973 640 —
998 619 1129 659 Hymn.
1154 629 1216 650 ms.
1243 618 1510 650 Severinianum
1537 627 1626 649 saec.
1655 614 1707 649 10.

133 675 185 697 ex.
234 664 317 697 Cod.
344 665 494 695 Parisin.
522 661 619 695 1092.
646 664 683 696 C.

229 708 263 748 1,
298 708 318 741 5
348 709 471 741 Mundi
504 712 647 751 tropaeo
681 713 843 750 superato
877 711 1034 751 principe
1065 710 1106 741 A.
1142 728 1186 732 —
1220 707 1258 747 2,
1297 708 1312 740 1
1340 709 1444 740 Casto
1478 710 1519 740 A.
1548 726 1588 730 —-
1615 706 1654 747 2,
1686 706 1708 740 2

139 757 333 787 serviamus
351 756 392 786 A.
419 772 461 776 —
487 752 519 794 2,
545 753 566 787 3
590 757 674 786 totis
699 765 774 786 cum
794 755 833 786 A.
863 775 901 777 —
931 753 962 794 2,
988 753 1009 786 4
1027 756 1093 787 Dei
1112 756 1307 797 sapientiae
1332 754 1372 792 A,
1400 754 1709 796 augenscheinlich

137 801 343 833 Korrektur.
376 818 421 823 —
453 798 490 839 3,
524 799 544 832 5
576 802 643 840 Qui
676 810 738 831 nos
772 801 909 832 reduxit
941 802 981 832 A.
1014 817 1055 822 —
1089 812 1169 832 caro
1204 801 1311 831 traxit
1342 800 1408 831 BC.
1438 817 1478 822 -
1511 797 1543 839 4,
1569 797 1590 832 3
1615 799 1710 832 valle

138 847 263 879 directi
289 857 408 878 sumus
432 847 501 879 BC.
526 864 571 867 -
595 845 626 883 4,
660 845 681 877 4
705 846 802 877 Diris
828 846 965 887 diligati
992 846 1030 877 A.
1057 864 1101 867 —
1125 845 1157 885 4,
1184 844 1204 877 5
1229 844 1366 878 revehit
1390 845 1433 876 ad
1459 846 1573 877 sidera
1597 845 1638 876 A.
1666 862 1708 867 -

138 891 169 929 5,
195 890 215 924 2
240 893 350 923 movit
374 892 474 924 ABC.
500 909 542 914 —
569 891 601 930 5,
625 890 647 923 4
672 892 799 933 infligit
824 892 864 923 A.
890 910 931 913 -
958 890 989 929 6,
1018 891 1031 923 l
1059 893 1199 923 Ieiunia
1222 893 1333 922 vincit
1350 892 1394 929 A,
1422 891 1580 922 Parcitas
1598 891 1711 923 vincit

138 938 305 969 vitiorum
339 938 480 980 agmina
512 938 579 969 BC.
613 955 658 958 —
688 935 719 974 6,
752 936 772 968 2
805 937 1014 968 Divinitatis
1048 937 1259 979 suffragante
1293 935 1360 968 BC.
1387 954 1428 958 -—
1454 934 1485 974 6,
1511 934 1532 967 3
1559 937 1711 968 refrenat

140 983 322 1015 libidinem
359 984 398 1014 A.
436 1000 480 1004 -—
516 980 553 1021 6,
590 981 612 1014 4
643 983 818 1014 castitatis
852 984 898 1016 A:
925 983 1001 1014 dass
1035 985 1188 1014 castitati
1215 994 1256 1014 zu
1283 983 1394 1019 lesen,
1433 982 1519 1013 vvird
1550 992 1613 1014 aus
1650 981 1710 1014 der

141 1029 327 1071 folgenden
355 1029 449 1060 Zeile
482 1028 647 1060 deutlich.
672 1046 717 1049 —
746 1026 777 1067 6,
803 1027 822 1059 5
849 1029 966 1060 Cinxit
993 1029 1058 1060 BC.
1084 1047 1127 1051 —
1155 1027 1186 1067 7,
1212 1027 1233 1059 2
1257 1029 1381 1059 Petrae
1408 1028 1471 1059 sub
1498 1029 1537 1059 A.
1563 1045 1608 1048 ——
1633 1026 1664 1067 7,
1688 1025 1711 1059 4

140 1075 269 1106 almam
294 1074 404 1116 legem
434 1075 599 1115 scriptam
625 1074 754 1115 digitos
779 1074 849 1105 BC.
874 1093 916 1096 —
944 1072 974 1112 7,
999 1072 1021 1104 4
1046 1075 1109 1106 sub
1136 1085 1218 1105 aure
1244 1075 1291 1113 B,
1315 1074 1378 1105 sub
1404 1077 1479 1105 ture
1504 1074 1544 1104 A.
1570 1093 1611 1096 —
1639 1070 1708 1112 8,1

139 1120 265 1152 Helias
298 1121 466 1151 sustinuit
497 1120 538 1151 A.
578 1137 617 1141 —-
651 1118 689 1157 8,
720 1117 741 1151 3
775 1120 879 1150 Ionas
912 1119 1050 1151 diacum
1082 1120 1233 1151 triduam
1259 1119 1299 1150 A.
1328 1136 1368 1139 —
1397 1117 1426 1155 9,
1461 1116 1482 1150 3
1508 1129 1567 1150 ore
1591 1118 1710 1150 nullus

141 1166 285 1207 pertulit
303 1165 343 1197 A.
368 1183 412 1186 —
437 1163 470 1203 9,
494 1163 517 1196 4
532 1165 623 1197 Potu
642 1165 790 1206 ciboque
808 1164 874 1196 BC.
903 1182 943 1187 —
970 1163 1002 1203 9,
1028 1163 1048 1196 5
1064 1165 1153 1197 fame
1170 1165 1258 1196 fehlt
1274 1165 1314 1196 A.
1333 1181 1374 1186 —
1398 1162 1449 1203 10,
1477 1163 1497 1196 2
1515 1165 1589 1196 nati
1607 1165 1649 1196 A.
1665 1181 1710 1186 --

140 1212 210 1243 Die
235 1211 433 1252 Doxologie
458 1211 569 1242 lautet
592 1211 629 1242 in
654 1210 725 1242 BC:

456 1290 579 1322 Gloria
604 1291 669 1321 tibi
696 1291 751 1327 sit,
778 1294 877 1331 pater
902 1291 1068 1331 ingenite,

456 1337 511 1368 sit
535 1340 616 1377 nato
643 1336 706 1367 tibi
731 1337 843 1367 virtus
870 1339 905 1367 et
930 1337 1113 1377 imperium

457 1382 585 1413 Sancto
612 1382 785 1423 simulque
812 1385 965 1422 potestas
991 1382 1145 1422 spiritui,

457 1428 510 1458 Sit
529 1428 680 1458 trinitati
706 1427 801 1458 salus
825 1427 1039 1464 individuae,

453 1473 600 1504 Manens
626 1476 660 1504 et
684 1483 833 1513 regnans
860 1483 921 1514 per
946 1474 1117 1504 immensa
1143 1472 1295 1504 saecula.

226 1575 298 1606 Aus
346 1576 375 1606 A
425 1574 594 1616 gedruckt
642 1575 697 1606 bei
747 1575 929 1606 Diimmler
969 1574 1224 1615 Rhythmorum
1266 1574 1584 1607 ecclesiasticorum
1632 1576 1710 1607 aevi

138 1621 294 1653 carolini
321 1622 506 1662 specimen,
532 1620 635 1652 Halis
664 1618 760 1658 1881,
787 1632 819 1662 p.
846 1619 889 1652 20
915 1632 964 1662 sq.

522 1811 603 1846 102.
640 1812 698 1853 (4.)
734 1811 778 1845 In
804 1810 1120 1845 Resurrectione
1146 1810 1323 1846 Domini.

374 1928 408 1966 1.
457 1926 637 1974 Refulget
665 1927 785 1963 omnis
816 1927 900 1963 luce
931 1927 1093 1964 mundus
1125 1937 1239 1964 aurea

459 1983 653 2027 Perfusus,
685 1983 818 2021 aether
850 1984 990 2021 irrorat
1024 1984 1277 2032 dulcedinem,

458 2042 587 2087 Astra,
620 2041 783 2077 iucunda
816 2041 910 2077 caeli
941 2041 1155 2087 luminaria,

461 2097 588 2144 Cingit
618 2108 686 2144 per
717 2108 826 2134 omne
860 2098 973 2134 decus
1006 2097 1209 2143 radiantia,

460 2154 632 2191 Distillat
663 2165 730 2191 aer
760 2154 1014 2191 balsamorum
1046 2154 1227 2201 guttulas,

374 2270 412 2307 2.
459 2268 636 2315 Occasus,
668 2271 785 2311 ortus,
818 2267 957 2314 aquilo,
990 2268 1241 2314 septentrion,

458 2324 662 2370 Tellusque
692 2328 843 2375 pontus,
876 2324 1007 2361 oceani
1039 2324 1194 2373 limites,

458 2380 545 2417 Lati
575 2381 761 2429 polorum,
795 2380 964 2427 iubilate,
999 2381 1185 2430 cardines,

456 2438 598 2475 Fontes
630 2448 825 2486 aquarum,
858 2436 1011 2474 flumina
1042 2437 1222 2482 labentia,

459 2493 646 2541 Gaudete,
680 2494 816 2543 campi,
849 2495 1029 2531 montium
1062 2493 1269 2530 eacumina.

375 2608 412 2645 3.
459 2606 647 2652 Surrexit,
680 2617 780 2651 ecce,
814 2606 996 2644 Dominus
1027 2605 1074 2643 ab
1104 2604 1252 2652 inferis,

461 2663 622 2700 Devicta
653 2668 774 2700 morte
806 2674 887 2700 cum
919 2663 1111 2709 triumpho
1142 2662 1268 2706 rediit,

462 2720 592 2756 Victor
622 2720 789 2766 iniquum
821 2720 1001 2766 spoliavit
1031 2723 1228 2764 tartarum,

463 2776 639 2813 Claustra
669 2776 862 2822 gehennae
893 2775 1007 2823 fregit
1038 2779 1076 2812 et
1107 2774 1399 2822 chirographum

465 2832 602 2870 Mortis
635 2843 767 2869 cruore
800 2833 909 2869 diluit
942 2831 1106 2870 rosifluo.
