1785 3111
790 105 1067 146 *34—

348 220 402 251 Ad
427 222 550 250 cantus
579 222 763 250 revocatur
788 219 874 258 avis,
901 228 991 260 quae
1014 219 1168 251 carmine
1193 218 1312 250 clauso

394 265 533 306 Pigrior
559 264 704 296 hiberno
729 264 858 305 frigore
883 268 979 295 muta
1003 264 1078 295 fuit.

348 311 443 342 Hinc
467 309 667 351 philomena
694 311 767 341 suis
792 313 1001 351 attemperat
1025 320 1156 351 organa
1180 310 1313 348 cannis,

398 356 523 396 Fitque
550 365 752 396 repercusso
779 355 916 387 dulcior
940 365 1028 386 aura
1058 356 1159 387 melo.

348 400 463 438 Salve,
490 400 578 432 festa
603 400 687 438 dies,
714 403 787 432 toto
812 400 1025 432 venerabilis
1051 410 1149 439 aevo,

396 446 474 485 Qua
498 446 594 476 Deus
620 446 793 477 infernum
817 447 905 477 vicit
929 449 963 477 et
988 449 1083 477 astra
1107 449 1212 477 tenet.

720 559 958 590 Dominica
989 559 1154 590 Tertia.

348 637 464 675 Salve,
490 638 580 669 festa
604 638 690 675 dies,
714 640 786 668 toto
815 637 1029 669 venerabilis
1056 648 1154 674 aevo,

394 683 472 722 Qua
497 684 595 715 Deus
621 683 793 714 infernum
817 683 904 714 vicit
930 686 964 714 et
987 685 1082 714 astra
1107 687 1210 715 tenet.

346 728 449 767 Ecce,
475 730 688 760 renascentis
715 731 864 759 testatur
888 729 1004 769 gratia
1030 728 1147 760 mundi

392 775 519 805 Omnia
544 784 621 805 cum
647 775 798 805 Domino
824 773 917 805 dona
941 774 1073 805 redisse
1103 784 1176 805 suo.

347 820 506 861 Namque
533 819 765 861 triumphanti
790 823 869 860 post
893 820 1010 850 tristia
1035 823 1167 851 tartara
1191 819 1331 852 Christo

394 865 559 906 Undique
586 865 707 896 fronde
732 875 865 901 nemus,
890 866 1051 906 gramina
1074 865 1159 896 flore
1182 865 1311 897 favent.

347 911 502 950 Legibus
528 910 664 942 infermi
692 911 869 951 oppressis
896 921 1000 952 super
1024 914 1119 942 astra
1143 914 1313 942 meantem

392 956 557 987 Laudant
582 957 647 987 rite
675 956 786 987 Deum
813 955 884 994 lux,
910 956 1022 997 polus,
1053 966 1149 994 arva,
1174 957 1311 988 fretum.

347 1002 466 1039 Salve,
492 1002 583 1033 festa
607 1001 692 1034 dies,
718 1004 791 1032 toto
817 1001 1029 1032 venerabilis
1054 1011 1151 1039 aevo,

396 1048 474 1086 Qua
500 1048 595 1078 Deus
622 1046 793 1078 infernum
819 1047 905 1077 vicit
930 1050 964 1078 et,
988 1050 1083 1078 astra
1107 1049 1212 1078 tenet.

690 1160 929 1191 Dominica
963 1161 1141 1199 Quarta.

347 1238 461 1274 Salve.
488 1239 577 1270 festa
601 1238 688 1276 dies,
715 1242 787 1270 toto
814 1239 1027 1270 venerabilis
1052 1249 1151 1277 aevo,

394 1285 472 1323 Qua
499 1285 595 1315 Deus
622 1284 793 1316 infernum
820 1285 908 1315 vicit
932 1287 967 1315 et
991 1288 1086 1315 astra
1111 1288 1215 1316 tenet.

345 1331 416 1369 Qui
441 1329 628 1361 crucifixus
654 1334 738 1367 erat,
765 1331 872 1367 Deus,
899 1340 988 1369 ecce,
1015 1340 1076 1371 per
1101 1331 1219 1361 omnia
1245 1334 1376 1373 regnat,

393 1376 556 1416 Dantque
583 1377 732 1406 creatori
759 1378 884 1406 cuneta
909 1378 1024 1406 creata
1050 1386 1197 1417 precem.

348 1421 529 1452 Nobilitas
555 1421 649 1453 anni,
678 1431 834 1451 mensum
861 1420 976 1457 decus,
1003 1430 1100 1452 arma
1124 1421 1269 1459 dierum,

394 1466 571 1497 Horarum
598 1466 762 1507 splendor
789 1465 942 1507 scripula
967 1469 1096 1507 puncta
1120 1466 1248 1497 favent.

348 1512 442 1542 Hinc
468 1511 533 1542 tibi
561 1512 651 1542 silva
677 1513 786 1542 comis
812 1511 958 1551 plaudit,
984 1511 1067 1542 hinc
1090 1522 1233 1553 campus
1259 1514 1387 1551 aristis,

392 1557 487 1588 Hinc
513 1561 630 1597 grates
657 1559 763 1588 tacito
790 1557 934 1598 palmite
960 1558 1044 1588 vitis
1070 1558 1153 1599 agit.

346 1601 463 1639 Salve,
489 1601 579 1633 festa
603 1602 688 1640 dies,
715 1606 788 1633 toto
814 1602 1028 1633 venerabilis
1053 1612 1150 1642 aevo,

393 1649 470 1687 Qua
496 1648 591 1678 Deus
619 1648 791 1679 infernum
817 1648 905 1678 vicit
929 1651 963 1678 et
987 1651 1083 1679 astra
1107 1650 1211 1679 tenet.

710 1760 945 1792 Dominica
978 1761 1156 1800 Quinta.

345 1838 460 1875 Salve,
486 1839 575 1869 festa
600 1839 685 1877 dies,
712 1842 785 1870 toto
811 1839 1024 1871 venerabilis
1049 1849 1149 1877 aevo,

391 1883 469 1921 Qua
496 1885 589 1915 Deus
617 1885 790 1916 infernum
816 1886 903 1916 vicit
927 1889 961 1916 et
984 1887 1080 1915 astra
1105 1888 1209 1916 tenet.

346 1930 412 1968 Qui
440 1940 550 1970 genus
576 1929 765 1961 humanum
791 1940 935 1962 cernens
962 1931 1123 1961 mersisse
1149 1929 1330 1971 profundo,

391 1976 438 2007 Ut
464 1974 637 2006 hominem
664 1977 828 2016 eriperes,
854 1986 890 2006 es
916 1986 1055 2017 quoque
1080 1976 1190 2006 factus
1216 1975 1330 2006 homo.

344 2020 415 2051 Nec
441 2020 585 2051 voluisti
615 2022 741 2052 etenim
768 2024 903 2052 tantum
928 2025 962 2052 te
988 2031 1131 2061 corpore
1155 2022 1265 2059 nasci,

391 2065 459 2097 Sed
484 2076 575 2103 cars),
603 2076 692 2107 quae
717 2068 825 2101 nasci,
852 2066 996 2108 pertulit
1021 2070 1125 2107 atque
1151 2067 1250 2097 mori.

348 2110 495 2141 Funeris
520 2112 687 2147 (muneris
713 2111 790 2150 Hs.)
815 2112 981 2153 exequias
1008 2113 1147 2152 pateris,
1173 2113 1267 2143 vitae
1293 2114 1414 2143 auctor
1439 2115 1473 2143 et
1497 2112 1603 2150 orbis,

391 2156 506 2187 Intras
532 2158 654 2187 mortis
681 2158 747 2188 iter
772 2156 885 2188 dando
911 2157 1035 2188 salutis
1062 2167 1172 2198 opem.

346 2200 462 2239 Salve,
489 2202 577 2233 festa
602 2202 687 2235 dies,
714 2205 787 2233 toto
812 2202 1027 2233 venerabilis
1053 2212 1150 2239 aevo,

391 2246 469 2284 Qua
494 2247 589 2278 Deus
615 2247 787 2279 infernum
813 2248 896 2279 vicit
921 2250 954 2278 et
979 2250 1074 2279 astra
1098 2249 1202 2279 tenet.

143 2322 209 2366 32¹ss
234 2324 312 2366 Vgl.
336 2325 421 2356 iiber
437 2324 512 2356 dies
530 2325 782 2367 Ostergedicht,
807 2326 864 2357 W.
881 2326 1013 2367 Meyer,
1038 2326 1099 2357 der
1115 2325 1499 2367 Gelegenheitsdichter
1514 2327 1708 2359 Venantius

144 2371 355 2402 Fortunatus
379 2368 511 2409 (Berlin
539 2368 649 2410 1901.)
673 2371 707 2403 S.
733 2369 775 2403 81
802 2382 835 2402 U.
860 2371 883 2403 f.

639 2548 695 2584 70.
732 2549 791 2591 (5.)
826 2549 1005 2584 Sabbato
1032 2548 1198 2585 Sancto.

160 2654 198 2692 1.
229 2652 315 2690 Tibi
346 2653 443 2702 laus,
475 2653 651 2699 perennis
682 2657 826 2705 auctor,
978 2655 1016 2692 2.
1049 2653 1135 2690 Nox
1168 2653 1272 2690 clara
1302 2654 1388 2700 plus
1419 2659 1457 2690 et
1486 2655 1587 2692 alma

225 2709 471 2755 Baptismatis
503 2713 685 2760 sacrator,
1047 2711 1165 2756 Quam
1195 2710 1285 2747 luna
1315 2711 1371 2747 sol
1402 2711 1462 2747 vel
1493 2717 1608 2757 astra,

225 2766 296 2811 Qui
327 2770 429 2802 sorte
459 2765 647 2812 passionis
1045 2767 1148 2812 Quae
1177 2767 1359 2803 luminum
1394 2777 1533 2804 corona

227 2823 306 2860 Das
338 2822 546 2868 praemium
578 2821 725 2860 salutis.
1045 2822 1191 2860 Reddis
1225 2823 1322 2860 diem
1355 2833 1424 2870 per
1453 2823 1636 2869 umbram,
