<?xml version="1.0" encoding="UTF-8"?>
<!DOCTYPE html PUBLIC "-//W3C//DTD XHTML 1.0 Transitional//EN"
    "http://www.w3.org/TR/xhtml1/DTD/xhtml1-transitional.dtd">
<html xmlns="http://www.w3.org/1999/xhtml" xml:lang="en" lang="en">
 <head>
  <title>
</title>
<meta http-equiv="Content-Type" content="text/html;charset=utf-8" />
  <meta name='ocr-system' content='tesseract 3.04.00' />
  <meta name='ocr-capabilities' content='ocr_page ocr_carea ocr_par ocr_line ocrx_word'/>
</head>
<body>
  <div class='ocr_page' id='page_1' title='image "./analectahymnicam50drevuoft/analectahymnicam50drevuoft_0202.png"; bbox 0 0 1785 3111; ppageno 0'>
   <div class='ocr_carea' id='block_1_1' title="bbox 468 2225 504 2261">
    <p class='ocr_par' dir='ltr' id='par_1_1' title="bbox 468 2225 504 2261">
     <span class='ocr_line' id='line_1_1' title="bbox 468 2225 504 2261; textangle 90"><span class='ocrx_word' id='word_1_1' title='bbox 468 2225 504 2261; x_wconf 69' lang='lat'>,0³</span> 
     </span>
    </p>
   </div>
   <div class='ocr_carea' id='block_1_2' title="bbox 467 2564 504 2599">
    <p class='ocr_par' dir='ltr' id='par_1_2' title="bbox 467 2564 504 2599">
     <span class='ocr_line' id='line_1_2' title="bbox 467 2564 504 2599; textangle 90"><span class='ocrx_word' id='word_1_2' title='bbox 467 2564 504 2599; x_wconf 60' lang='lat'>30</span> 
     </span>
    </p>
   </div>
   <div class='ocr_carea' id='block_1_3' title="bbox 736 72 1046 112">
    <p class='ocr_par' dir='ltr' id='par_1_3' title="bbox 736 72 1046 112">
     <span class='ocr_line' id='line_1_3' title="bbox 736 72 1046 112; baseline 0 0"><span class='ocrx_word' id='word_1_3' title='bbox 736 72 1046 112; x_wconf 80' lang='lat'>—188—</span> 
     </span>
    </p>
   </div>
   <div class='ocr_carea' id='block_1_4' title="bbox 550 184 1259 459">
    <p class='ocr_par' dir='ltr' id='par_1_4' title="bbox 550 184 1259 459">
     <span class='ocr_line' id='line_1_4' title="bbox 552 184 1076 224; baseline -0.004 0"><span class='ocrx_word' id='word_1_4' title='bbox 552 187 625 224; x_wconf 88' lang='lat' dir='ltr'>Ast</span> <span class='ocrx_word' id='word_1_5' title='bbox 657 186 721 223; x_wconf 93' lang='lat' dir='ltr'>ubi</span> <span class='ocrx_word' id='word_1_6' title='bbox 753 196 793 223; x_wconf 86' lang='lat' dir='ltr'>se</span> <span class='ocrx_word' id='word_1_7' title='bbox 824 184 964 223; x_wconf 85' lang='lat' dir='ltr'>furiata</span> <span class='ocrx_word' id='word_1_8' title='bbox 995 186 1076 222; x_wconf 86' lang='lat' dir='ltr'>lues</span> 
     </span>
     <span class='ocr_line' id='line_1_5' title="bbox 550 242 1194 289; baseline -0.003 -9"><span class='ocrx_word' id='word_1_9' title='bbox 550 243 707 281; x_wconf 79' lang='lat' dir='ltr'>Excitat</span> <span class='ocrx_word' id='word_1_10' title='bbox 736 243 850 289; x_wconf 82' lang='lat' dir='ltr'>inque</span> <span class='ocrx_word' id='word_1_11' title='bbox 880 253 1009 279; x_wconf 84' lang='lat' dir='ltr'>necem</span> <span class='ocrx_word' id='word_1_12' title='bbox 1041 242 1194 279; x_wconf 85' lang='lat' dir='ltr'>Domini</span> 
     </span>
     <span class='ocr_line' id='line_1_6' title="bbox 554 298 1203 348; baseline -0.003 -12"><span class='ocrx_word' id='word_1_13' title='bbox 554 300 742 336; x_wconf 80' lang='lat' dir='ltr'><strong>Provocat</strong></span> <span class='ocrx_word' id='word_1_14' title='bbox 773 299 904 336; x_wconf 79' lang='lat' dir='ltr'>invida</span> <span class='ocrx_word' id='word_1_15' title='bbox 936 299 1053 336; x_wconf 85' lang='lat' dir='ltr'>corda</span> <span class='ocrx_word' id='word_1_16' title='bbox 1085 298 1203 348; x_wconf 82' lang='lat' dir='ltr'>ducis,</span> 
     </span>
     <span class='ocr_line' id='line_1_7' title="bbox 554 356 1139 402; baseline -0.005 -8"><span class='ocrx_word' id='word_1_17' title='bbox 554 356 710 394; x_wconf 85' lang='lat' dir='ltr'>Concite</span> <span class='ocrx_word' id='word_1_18' title='bbox 742 356 898 392; x_wconf 88' lang='lat' dir='ltr'>mittere·</span> <span class='ocrx_word' id='word_1_19' title='bbox 925 359 1025 402; x_wconf 82' lang='lat' dir='ltr'>cogit</span> <span class='ocrx_word' id='word_1_20' title='bbox 1057 366 1139 392; x_wconf 91' lang='lat' dir='ltr'>eum</span> 
     </span>
     <span class='ocr_line' id='line_1_8' title="bbox 553 412 1259 459; baseline 0 -9"><span class='ocrx_word' id='word_1_21' title='bbox 553 412 732 450; x_wconf 84' lang='lat' dir='ltr'>Sternere</span> <span class='ocrx_word' id='word_1_22' title='bbox 765 416 802 449; x_wconf 86' lang='lat' dir='ltr'>et</span> <span class='ocrx_word' id='word_1_23' title='bbox 833 413 982 459; x_wconf 83' lang='lat' dir='ltr'>agmina</span> <span class='ocrx_word' id='word_1_24' title='bbox 1014 412 1122 459; x_wconf 90' lang='lat' dir='ltr'>plura</span> <span class='ocrx_word' id='word_1_25' title='bbox 1153 422 1259 450; x_wconf 87' lang='lat' dir='ltr'>nece.</span> 
     </span>
    </p>
   </div>
   <div class='ocr_carea' id='block_1_5' title="bbox 550 523 1308 801">
    <p class='ocr_par' dir='ltr' id='par_1_5' title="bbox 550 523 1308 801">
     <span class='ocr_line' id='line_1_9' title="bbox 556 523 1260 571; baseline -0.001 -9"><span class='ocrx_word' id='word_1_26' title='bbox 556 525 633 563; x_wconf 90' lang='lat' dir='ltr'>Ceu</span> <span class='ocrx_word' id='word_1_27' title='bbox 663 526 722 562; x_wconf 90' lang='lat' dir='ltr'>leo</span> <span class='ocrx_word' id='word_1_28' title='bbox 753 536 839 562; x_wconf 85' lang='lat' dir='ltr'>nam</span> <span class='ocrx_word' id='word_1_29' title='bbox 871 523 1001 562; x_wconf 85' lang='lat' dir='ltr'>fremit</span> <span class='ocrx_word' id='word_1_30' title='bbox 1031 525 1068 561; x_wconf 93' lang='lat' dir='ltr'>in</span> <span class='ocrx_word' id='word_1_31' title='bbox 1101 523 1260 571; x_wconf 80' lang='lat' dir='ltr'>facinus,</span> 
     </span>
     <span class='ocr_line' id='line_1_10' title="bbox 553 581 1139 620; baseline -0.003 0"><span class='ocrx_word' id='word_1_32' title='bbox 553 583 667 620; x_wconf 84' lang='lat' dir='ltr'>Cuius</span> <span class='ocrx_word' id='word_1_33' title='bbox 698 582 746 619; x_wconf 89' lang='lat' dir='ltr'>ab</span> <span class='ocrx_word' id='word_1_34' title='bbox 778 592 843 618; x_wconf 90' lang='lat' dir='ltr'>ore</span> <span class='ocrx_word' id='word_1_35' title='bbox 874 586 983 619; x_wconf 87' lang='lat' dir='ltr'>tener</span> <span class='ocrx_word' id='word_1_36' title='bbox 1014 581 1139 618; x_wconf 83' lang='lat' dir='ltr'>subito</span> 
     </span>
     <span class='ocr_line' id='line_1_11' title="bbox 554 638 1211 686; baseline 0 -10"><span class='ocrx_word' id='word_1_37' title='bbox 554 638 696 686; x_wconf 88' lang='lat' dir='ltr'>Effugit</span> <span class='ocrx_word' id='word_1_38' title='bbox 727 650 845 686; x_wconf 84' lang='lat' dir='ltr'>agnus</span> <span class='ocrx_word' id='word_1_39' title='bbox 876 639 915 675; x_wconf 89' lang='lat' dir='ltr'>in</span> <span class='ocrx_word' id='word_1_40' title='bbox 943 650 1034 675; x_wconf 82' lang='lat' dir='ltr'>arva</span> <span class='ocrx_word' id='word_1_41' title='bbox 1067 638 1211 684; x_wconf 82' lang='lat' dir='ltr'>procul.</span> 
     </span>
     <span class='ocr_line' id='line_1_12' title="bbox 552 695 1308 741; baseline -0.003 -9"><span class='ocrx_word' id='word_1_42' title='bbox 552 696 677 732; x_wconf 86' lang='lat' dir='ltr'>Vertit</span> <span class='ocrx_word' id='word_1_43' title='bbox 707 695 746 732; x_wconf 88' lang='lat' dir='ltr'>in</span> <span class='ocrx_word' id='word_1_44' title='bbox 777 695 979 733; x_wconf 88' lang='lat' dir='ltr'>innocuum</span> <span class='ocrx_word' id='word_1_45' title='bbox 1010 706 1115 732; x_wconf 85' lang='lat' dir='ltr'>arma</span> <span class='ocrx_word' id='word_1_46' title='bbox 1145 704 1308 741; x_wconf 71' lang='lat' dir='ltr'>gregem⁷</span> 
     </span>
     <span class='ocr_line' id='line_1_13' title="bbox 550 752 1132 801; baseline -0.003 -12"><span class='ocrx_word' id='word_1_47' title='bbox 550 752 706 801; x_wconf 80' lang='lat' dir='ltr'>Atterit‚</span> <span class='ocrx_word' id='word_1_48' title='bbox 741 752 943 801; x_wconf 68' lang='lat' dir='ltr'>excruciat,</span> <span class='ocrx_word' id='word_1_49' title='bbox 977 752 1132 791; x_wconf 83' lang='lat' dir='ltr'>lacerat.</span> 
     </span>
    </p>
   </div>
   <div class='ocr_carea' id='block_1_6' title="bbox 552 864 1265 1131">
    <p class='ocr_par' dir='ltr' id='par_1_6' title="bbox 552 864 1265 1131">
     <span class='ocr_line' id='line_1_14' title="bbox 553 864 1193 902; baseline -0.002 -1"><span class='ocrx_word' id='word_1_50' title='bbox 553 865 617 902; x_wconf 87' lang='lat' dir='ltr'>Sic</span> <span class='ocrx_word' id='word_1_51' title='bbox 645 865 818 902; x_wconf 79' lang='lat' dir='ltr'>Herodes</span> <span class='ocrx_word' id='word_1_52' title='bbox 850 864 1066 901; x_wconf 77' lang='lat' dir='ltr'>stimulante</span> <span class='ocrx_word' id='word_1_53' title='bbox 1098 865 1193 901; x_wconf 86' lang='lat' dir='ltr'>chao</span> 
     </span>
     <span class='ocr_line' id='line_1_15' title="bbox 552 920 1218 969; baseline -0.003 -10"><span class='ocrx_word' id='word_1_54' title='bbox 552 922 661 959; x_wconf 86' lang='lat' dir='ltr'>More</span> <span class='ocrx_word' id='word_1_55' title='bbox 691 922 771 968; x_wconf 88' lang='lat' dir='ltr'>lupi</span> <span class='ocrx_word' id='word_1_56' title='bbox 805 920 1043 969; x_wconf 41' lang='lat' dir='ltr'>furibundus&gt;</span> <span class='ocrx_word' id='word_1_57' title='bbox 1077 932 1218 967; x_wconf 70' lang='lat' dir='ltr'>amens,</span> 
     </span>
     <span class='ocr_line' id='line_1_16' title="bbox 555 978 1155 1024; baseline -0.003 -8"><span class='ocrx_word' id='word_1_58' title='bbox 555 979 721 1016; x_wconf 79' lang='lat' dir='ltr'>Parvula</span> <span class='ocrx_word' id='word_1_59' title='bbox 752 978 857 1014; x_wconf 85' lang='lat' dir='ltr'>milia</span> <span class='ocrx_word' id='word_1_60' title='bbox 889 982 1015 1024; x_wconf 87' lang='lat' dir='ltr'>strage</span> <span class='ocrx_word' id='word_1_61' title='bbox 1049 978 1155 1014; x_wconf 82' lang='lat' dir='ltr'>dedit</span> 
     </span>
     <span class='ocr_line' id='line_1_17' title="bbox 553 1034 1260 1081; baseline 0.001 -10"><span class='ocrx_word' id='word_1_62' title='bbox 553 1035 755 1081; x_wconf 70' lang='lat' dir='ltr'>Tui-gidus.</span> <span class='ocrx_word' id='word_1_63' title='bbox 788 1035 966 1072; x_wconf 85' lang='lat' dir='ltr'>horridus</span> <span class='ocrx_word' id='word_1_64' title='bbox 998 1038 1109 1080; x_wconf 88' lang='lat' dir='ltr'>atque</span> <span class='ocrx_word' id='word_1_65' title='bbox 1141 1034 1260 1073; x_wconf 82' lang='lat' dir='ltr'>ferox.</span> 
     </span>
     <span class='ocr_line' id='line_1_18' title="bbox 554 1090 1265 1131; baseline 0.003 -3"><span class='ocrx_word' id='word_1_66' title='bbox 554 1092 726 1128; x_wconf 83' lang='lat' dir='ltr'>Christus</span> <span class='ocrx_word' id='word_1_67' title='bbox 757 1097 796 1129; x_wconf 84' lang='lat' dir='ltr'>at</span> <span class='ocrx_word' id='word_1_68' title='bbox 827 1102 931 1127; x_wconf 84' lang='lat' dir='ltr'>arma</span> <span class='ocrx_word' id='word_1_69' title='bbox 963 1090 1129 1128; x_wconf 82' lang='lat' dir='ltr'>nefanda</span> <span class='ocrx_word' id='word_1_70' title='bbox 1160 1092 1265 1131; x_wconf 82' lang='lat' dir='ltr'>vitat.</span> 
     </span>
    </p>
   </div>
   <div class='ocr_carea' id='block_1_7' title="bbox 552 1204 1298 1366">
    <p class='ocr_par' dir='ltr' id='par_1_7' title="bbox 552 1204 1298 1366">
     <span class='ocr_line' id='line_1_19' title="bbox 553 1204 1298 1253; baseline -0.001 -12"><span class='ocrx_word' id='word_1_71' title='bbox 553 1205 644 1251; x_wconf 83' lang='lat' dir='ltr'>Quis</span> <span class='ocrx_word' id='word_1_72' title='bbox 675 1204 746 1241; x_wconf 89' lang='lat' dir='ltr'>tibi</span> <span class='ocrx_word' id='word_1_73' title='bbox 777 1208 878 1250; x_wconf 74' lang='lat' dir='ltr'>tunc,</span> <span class='ocrx_word' id='word_1_74' title='bbox 911 1205 1026 1251; x_wconf 71' lang='lat' dir='ltr'>lanio,</span> <span class='ocrx_word' id='word_1_75' title='bbox 1058 1204 1174 1241; x_wconf 85' lang='lat' dir='ltr'>ardor</span> <span class='ocrx_word' id='word_1_76' title='bbox 1205 1208 1298 1253; x_wconf 77' lang='lat' dir='ltr'>erat,</span> 
     </span>
     <span class='ocr_line' id='line_1_20' title="bbox 555 1261 1248 1307; baseline -0.003 -9"><span class='ocrx_word' id='word_1_77' title='bbox 555 1262 663 1299; x_wconf 86' lang='lat' dir='ltr'>Talia</span> <span class='ocrx_word' id='word_1_78' title='bbox 702 1272 783 1298; x_wconf 88' lang='lat' dir='ltr'>cum</span> <span class='ocrx_word' id='word_1_79' title='bbox 816 1272 963 1307; x_wconf 88' lang='lat' dir='ltr'>quoque</span> <span class='ocrx_word' id='word_1_80' title='bbox 994 1261 1248 1307; x_wconf 47' lang='lat' dir='ltr'>prospiceres²</span> 
     </span>
     <span class='ocr_line' id='line_1_21' title="bbox 552 1318 1241 1366; baseline -0.003 -11"><span class='ocrx_word' id='word_1_81' title='bbox 552 1320 712 1356; x_wconf 76' lang='lat' dir='ltr'>Pectore</span> <span class='ocrx_word' id='word_1_82' title='bbox 743 1328 883 1364; x_wconf 81' lang='lat' dir='ltr'>quosve</span> <span class='ocrx_word' id='word_1_83' title='bbox 917 1318 1035 1354; x_wconf 84' lang='lat' dir='ltr'>dabas</span> <span class='ocrx_word' id='word_1_84' title='bbox 1066 1318 1241 1366; x_wconf 81' lang='lat' dir='ltr'>gemitus,</span> 
     </span>
    </p>
   </div>
   <div class='ocr_carea' id='block_1_8' title="bbox 527 1375 1203 1421">
    <p class='ocr_par' dir='ltr' id='par_1_8' title="bbox 527 1375 1203 1421">
     <span class='ocr_line' id='line_1_22' title="bbox 527 1375 1203 1421; baseline -0.004 -8"><span class='ocrx_word' id='word_1_85' title='bbox 527 1375 645 1413; x_wconf 63' lang='lat' dir='ltr'>⁴Cum</span> <span class='ocrx_word' id='word_1_86' title='bbox 679 1375 841 1421; x_wconf 87' lang='lat' dir='ltr'>puerilia</span> <span class='ocrx_word' id='word_1_87' title='bbox 872 1375 1041 1412; x_wconf 83' lang='lat' dir='ltr'>membra</span> <span class='ocrx_word' id='word_1_88' title='bbox 1072 1385 1203 1411; x_wconf 82' lang='lat' dir='ltr'>secans</span> 
     </span>
    </p>
   </div>
   <div class='ocr_carea' id='block_1_9' title="bbox 551 1430 1198 1478">
    <p class='ocr_par' dir='ltr' id='par_1_9' title="bbox 551 1430 1198 1478">
     <span class='ocr_line' id='line_1_23' title="bbox 551 1430 1198 1478; baseline -0.003 -10"><span class='ocrx_word' id='word_1_89' title='bbox 551 1432 742 1469; x_wconf 74' lang='lat' dir='ltr'>Matribus</span> <span class='ocrx_word' id='word_1_90' title='bbox 775 1431 858 1478; x_wconf 80' lang='lat' dir='ltr'>ipse</span> <span class='ocrx_word' id='word_1_91' title='bbox 888 1432 1016 1478; x_wconf 88' lang='lat' dir='ltr'>lugere</span> <span class='ocrx_word' id='word_1_92' title='bbox 1050 1430 1198 1468; x_wconf 75' lang='lat' dir='ltr'>dabas?</span> 
     </span>
    </p>
   </div>
   <div class='ocr_carea' id='block_1_10' title="bbox 552 1544 1178 1809">
    <p class='ocr_par' dir='ltr' id='par_1_10' title="bbox 552 1544 1178 1809">
     <span class='ocr_line' id='line_1_24' title="bbox 555 1544 1178 1590; baseline -0.003 -8"><span class='ocrx_word' id='word_1_93' title='bbox 555 1545 643 1582; x_wconf 71' lang='lat' dir='ltr'>Dux</span> <span class='ocrx_word' id='word_1_94' title='bbox 673 1545 782 1590; x_wconf 81' lang='lat' dir='ltr'>bone,</span> <span class='ocrx_word' id='word_1_95' title='bbox 816 1544 961 1581; x_wconf 78' lang='lat' dir='ltr'>arbiter</span> <span class='ocrx_word' id='word_1_96' title='bbox 995 1544 1178 1590; x_wconf 83' lang='lat' dir='ltr'>egregius,</span> 
     </span>
     <span class='ocr_line' id='line_1_25' title="bbox 554 1600 1148 1648; baseline -0.005 -9"><span class='ocrx_word' id='word_1_97' title='bbox 554 1602 744 1648; x_wconf 81' lang='lat' dir='ltr'>Sanguine</span> <span class='ocrx_word' id='word_1_98' title='bbox 776 1601 943 1647; x_wconf 86' lang='lat' dir='ltr'>pasceris</span> <span class='ocrx_word' id='word_1_99' title='bbox 975 1600 1148 1645; x_wconf 83' lang='lat' dir='ltr'>innocuo,</span> 
     </span>
     <span class='ocr_line' id='line_1_26' title="bbox 556 1657 1164 1704; baseline -0.003 -9"><span class='ocrx_word' id='word_1_100' title='bbox 556 1659 786 1704; x_wconf 84' lang='lat' dir='ltr'>Corporibus</span> <span class='ocrx_word' id='word_1_101' title='bbox 819 1657 983 1694; x_wconf 86' lang='lat' dir='ltr'>minimis</span> <span class='ocrx_word' id='word_1_102' title='bbox 1015 1657 1164 1694; x_wconf 78' lang='lat' dir='ltr'>inhians</span> 
     </span>
     <span class='ocr_line' id='line_1_27' title="bbox 555 1714 1100 1755; baseline 0 -6"><span class='ocrx_word' id='word_1_103' title='bbox 555 1716 709 1751; x_wconf 78' lang='lat' dir='ltr'>Viscera</span> <span class='ocrx_word' id='word_1_104' title='bbox 741 1715 868 1751; x_wconf 84' lang='lat' dir='ltr'>sobria</span> <span class='ocrx_word' id='word_1_105' title='bbox 901 1714 1100 1755; x_wconf 50' lang='lat' dir='ltr'>dilacerasq</span> 
     </span>
     <span class='ocr_line' id='line_1_28' title="bbox 552 1770 1141 1809; baseline -0.002 0"><span class='ocrx_word' id='word_1_106' title='bbox 552 1772 702 1809; x_wconf 83' lang='lat' dir='ltr'>Gaudia</span> <span class='ocrx_word' id='word_1_107' title='bbox 733 1782 833 1808; x_wconf 87' lang='lat' dir='ltr'>mors</span> <span class='ocrx_word' id='word_1_108' title='bbox 867 1771 990 1807; x_wconf 85' lang='lat' dir='ltr'>aliena</span> <span class='ocrx_word' id='word_1_109' title='bbox 1023 1770 1141 1808; x_wconf 85' lang='lat' dir='ltr'>dabit.</span> 
     </span>
    </p>
   </div>
   <div class='ocr_carea' id='block_1_11' title="bbox 550 1884 1281 2148">
    <p class='ocr_par' dir='ltr' id='par_1_11' title="bbox 550 1884 1281 2148">
     <span class='ocr_line' id='line_1_29' title="bbox 556 1884 1233 1933; baseline -0.003 -12"><span class='ocrx_word' id='word_1_110' title='bbox 556 1885 659 1931; x_wconf 87' lang='lat' dir='ltr'>Ergo</span> <span class='ocrx_word' id='word_1_111' title='bbox 690 1895 770 1933; x_wconf 79' lang='lat' dir='ltr'>age,</span> <span class='ocrx_word' id='word_1_112' title='bbox 803 1888 936 1929; x_wconf 74' lang='lat' dir='ltr'>tortor,</span> <span class='ocrx_word' id='word_1_113' title='bbox 969 1884 1100 1929; x_wconf 64' lang='lat' dir='ltr'>adure,</span> <span class='ocrx_word' id='word_1_114' title='bbox 1133 1893 1233 1929; x_wconf 74' lang='lat' dir='ltr'>seca,</span> 
     </span>
     <span class='ocr_line' id='line_1_30' title="bbox 551 1941 1183 1978; baseline -0.005 0"><span class='ocrx_word' id='word_1_115' title='bbox 551 1941 690 1978; x_wconf 76' lang='lat' dir='ltr'>Divide</span> <span class='ocrx_word' id='word_1_116' title='bbox 723 1941 889 1976; x_wconf 85' lang='lat' dir='ltr'>membra</span> <span class='ocrx_word' id='word_1_117' title='bbox 923 1946 1052 1977; x_wconf 87' lang='lat' dir='ltr'>coacta</span> <span class='ocrx_word' id='word_1_118' title='bbox 1083 1941 1183 1976; x_wconf 79' lang='lat' dir='ltr'>luto!</span> 
     </span>
     <span class='ocr_line' id='line_1_31' title="bbox 550 1995 1281 2045; baseline -0.003 -11"><span class='ocrx_word' id='word_1_119' title='bbox 550 1998 705 2034; x_wconf 86' lang='lat' dir='ltr'>Solvere</span> <span class='ocrx_word' id='word_1_120' title='bbox 742 2008 820 2034; x_wconf 90' lang='lat' dir='ltr'>rem</span> <span class='ocrx_word' id='word_1_121' title='bbox 852 1996 1025 2043; x_wconf 79' lang='lat' dir='ltr'>fragilem</span> <span class='ocrx_word' id='word_1_122' title='bbox 1058 1995 1170 2033; x_wconf 85' lang='lat' dir='ltr'>facile</span> <span class='ocrx_word' id='word_1_123' title='bbox 1203 2000 1281 2045; x_wconf 73' lang='lat' dir='ltr'>est3</span> 
     </span>
     <span class='ocr_line' id='line_1_32' title="bbox 555 2054 1190 2100; baseline -0.002 -10"><span class='ocrx_word' id='word_1_124' title='bbox 555 2054 639 2090; x_wconf 77' lang='lat' dir='ltr'>Non</span> <span class='ocrx_word' id='word_1_125' title='bbox 672 2058 846 2100; x_wconf 87' lang='lat' dir='ltr'>penetrat</span> <span class='ocrx_word' id='word_1_126' title='bbox 880 2054 989 2090; x_wconf 80' lang='lat' dir='ltr'>dolor</span> <span class='ocrx_word' id='word_1_127' title='bbox 1019 2054 1190 2100; x_wconf 85' lang='lat' dir='ltr'>interius,</span> 
     </span>
     <span class='ocr_line' id='line_1_33' title="bbox 551 2110 1261 2148; baseline 0.001 -1"><span class='ocrx_word' id='word_1_128' title='bbox 551 2111 691 2147; x_wconf 81' lang='lat' dir='ltr'>Mentis</span> <span class='ocrx_word' id='word_1_129' title='bbox 722 2112 759 2147; x_wconf 89' lang='lat' dir='ltr'>in</span> <span class='ocrx_word' id='word_1_130' title='bbox 792 2121 878 2147; x_wconf 82' lang='lat' dir='ltr'>arce</span> <span class='ocrx_word' id='word_1_131' title='bbox 910 2117 1035 2147; x_wconf 83' lang='lat' dir='ltr'>manet</span> <span class='ocrx_word' id='word_1_132' title='bbox 1066 2110 1261 2148; x_wconf 82' lang='lat' dir='ltr'>Dominus.</span> 
     </span>
    </p>
   </div>
   <div class='ocr_carea' id='block_1_12' title="bbox 550 2220 1242 2496">
    <p class='ocr_par' dir='ltr' id='par_1_12' title="bbox 550 2220 1242 2496">
     <span class='ocr_line' id='line_1_34' title="bbox 554 2220 1180 2271; baseline -0.002 -12"><span class='ocrx_word' id='word_1_133' title='bbox 554 2224 626 2260; x_wconf 90' lang='lat' dir='ltr'>Hic</span> <span class='ocrx_word' id='word_1_134' title='bbox 658 2223 800 2260; x_wconf 85' lang='lat' dir='ltr'>funeris</span> <span class='ocrx_word' id='word_1_135' title='bbox 833 2224 918 2270; x_wconf 81' lang='lat' dir='ltr'>quia</span> <span class='ocrx_word' id='word_1_136' title='bbox 951 2234 1064 2260; x_wconf 84' lang='lat' dir='ltr'>causa</span> <span class='ocrx_word' id='word_1_137' title='bbox 1096 2220 1180 2271; x_wconf 85' lang='lat' dir='ltr'>fuit,</span> 
     </span>
     <span class='ocr_line' id='line_1_35' title="bbox 550 2279 1242 2326; baseline -0.003 -9"><span class='ocrx_word' id='word_1_138' title='bbox 550 2281 724 2318; x_wconf 79' lang='lat' dir='ltr'>Praemia</span> <span class='ocrx_word' id='word_1_139' title='bbox 756 2281 813 2316; x_wconf 83' lang='lat' dir='ltr'>his</span> <span class='ocrx_word' id='word_1_140' title='bbox 844 2290 959 2326; x_wconf 81' lang='lat' dir='ltr'>super</span> <span class='ocrx_word' id='word_1_141' title='bbox 989 2284 1092 2316; x_wconf 77' lang='lat' dir='ltr'>astra</span> <span class='ocrx_word' id='word_1_142' title='bbox 1125 2279 1242 2323; x_wconf 80' lang='lat' dir='ltr'>dabit,</span> 
     </span>
     <span class='ocr_line' id='line_1_36' title="bbox 551 2337 1236 2383; baseline -0.001 -10"><span class='ocrx_word' id='word_1_143' title='bbox 551 2337 607 2373; x_wconf 86' lang='lat' dir='ltr'>Tu</span> <span class='ocrx_word' id='word_1_144' title='bbox 638 2348 722 2383; x_wconf 60' lang='lat' dir='ltr'>quo„</span> <span class='ocrx_word' id='word_1_145' title='bbox 756 2337 887 2373; x_wconf 80' lang='lat' dir='ltr'>mortis</span> <span class='ocrx_word' id='word_1_146' title='bbox 919 2341 1065 2373; x_wconf 84' lang='lat' dir='ltr'>amator</span> <span class='ocrx_word' id='word_1_147' title='bbox 1095 2346 1236 2381; x_wconf 84' lang='lat' dir='ltr'>amens,</span> 
     </span>
     <span class='ocr_line' id='line_1_37' title="bbox 556 2393 1183 2429; baseline -0.002 0"><span class='ocrx_word' id='word_1_148' title='bbox 556 2393 694 2429; x_wconf 83' lang='lat' dir='ltr'>Mortis</span> <span class='ocrx_word' id='word_1_149' title='bbox 726 2395 761 2429; x_wconf 92' lang='lat' dir='ltr'>in</span> <span class='ocrx_word' id='word_1_150' title='bbox 796 2394 935 2429; x_wconf 82' lang='lat' dir='ltr'>extima</span> <span class='ocrx_word' id='word_1_151' title='bbox 964 2394 1046 2429; x_wconf 90' lang='lat' dir='ltr'>iure</span> <span class='ocrx_word' id='word_1_152' title='bbox 1078 2393 1183 2429; x_wconf 86' lang='lat' dir='ltr'>cadis</span> 
     </span>
     <span class='ocr_line' id='line_1_38' title="bbox 559 2449 1189 2496; baseline 0.003 -11"><span class='ocrx_word' id='word_1_153' title='bbox 559 2449 609 2486; x_wconf 87' lang='lat' dir='ltr'>Et</span> <span class='ocrx_word' id='word_1_154' title='bbox 641 2451 816 2496; x_wconf 85' lang='lat' dir='ltr'>gemitum</span> <span class='ocrx_word' id='word_1_155' title='bbox 850 2451 930 2486; x_wconf 87' lang='lat' dir='ltr'>sine</span> <span class='ocrx_word' id='word_1_156' title='bbox 961 2450 1035 2486; x_wconf 81' lang='lat' dir='ltr'>fine</span> <span class='ocrx_word' id='word_1_157' title='bbox 1068 2449 1189 2487; x_wconf 85' lang='lat' dir='ltr'>dabis.</span> 
     </span>
    </p>
   </div>
   <div class='ocr_carea' id='block_1_13' title="bbox 550 2562 1340 2834">
    <p class='ocr_par' dir='ltr' id='par_1_13' title="bbox 550 2562 1340 2834">
     <span class='ocr_line' id='line_1_39' title="bbox 554 2562 1340 2607; baseline -0.003 -8"><span class='ocrx_word' id='word_1_158' title='bbox 554 2562 673 2599; x_wconf 82' lang='lat' dir='ltr'>Cedat</span> <span class='ocrx_word' id='word_1_159' title='bbox 706 2574 811 2599; x_wconf 83' lang='lat' dir='ltr'>amor</span> <span class='ocrx_word' id='word_1_160' title='bbox 841 2563 1104 2599; x_wconf 82' lang='lat' dir='ltr'>lacrimantum</span> <span class='ocrx_word' id='word_1_161' title='bbox 1136 2562 1340 2607; x_wconf 85' lang='lat' dir='ltr'>hominum⁷</span> 
     </span>
     <span class='ocr_line' id='line_1_40' title="bbox 550 2618 1218 2665; baseline 0 -11"><span class='ocrx_word' id='word_1_162' title='bbox 550 2618 621 2664; x_wconf 81' lang='lat' dir='ltr'>Qui</span> <span class='ocrx_word' id='word_1_163' title='bbox 654 2618 848 2655; x_wconf 86' lang='lat' dir='ltr'>celebrare</span> <span class='ocrx_word' id='word_1_164' title='bbox 879 2629 1056 2665; x_wconf 85' lang='lat' dir='ltr'>suprema</span> <span class='ocrx_word' id='word_1_165' title='bbox 1083 2618 1218 2665; x_wconf 67' lang='lat' dir='ltr'>solent,</span> 
     </span>
     <span class='ocr_line' id='line_1_41' title="bbox 552 2674 1122 2722; baseline 0.002 -12"><span class='ocrx_word' id='word_1_166' title='bbox 552 2674 700 2710; x_wconf 87' lang='lat' dir='ltr'>Flebile</span> <span class='ocrx_word' id='word_1_167' title='bbox 732 2676 844 2712; x_wconf 86' lang='lat' dir='ltr'>cedat</span> <span class='ocrx_word' id='word_1_168' title='bbox 875 2680 912 2711; x_wconf 90' lang='lat' dir='ltr'>et</span> <span class='ocrx_word' id='word_1_169' title='bbox 943 2674 1122 2722; x_wconf 69' lang='lat' dir='ltr'>officium,</span> 
     </span>
     <span class='ocr_line' id='line_1_42' title="bbox 552 2731 1226 2781; baseline 0 -14"><span class='ocrx_word' id='word_1_170' title='bbox 552 2731 789 2777; x_wconf 75' lang='lat' dir='ltr'>Martyribus</span> <span class='ocrx_word' id='word_1_171' title='bbox 821 2732 908 2778; x_wconf 85' lang='lat' dir='ltr'>quia</span> <span class='ocrx_word' id='word_1_172' title='bbox 940 2742 1055 2778; x_wconf 84' lang='lat' dir='ltr'>regna</span> <span class='ocrx_word' id='word_1_173' title='bbox 1083 2735 1226 2781; x_wconf 79' lang='lat' dir='ltr'>patent,</span> 
     </span>
     <span class='ocr_line' id='line_1_43' title="bbox 552 2787 1184 2834; baseline 0.005 -10"><span class='ocrx_word' id='word_1_174' title='bbox 552 2787 700 2824; x_wconf 86' lang='lat' dir='ltr'>Gaudia</span> <span class='ocrx_word' id='word_1_175' title='bbox 731 2792 990 2834; x_wconf 84' lang='lat' dir='ltr'>perpetuaque</span> <span class='ocrx_word' id='word_1_176' title='bbox 1022 2792 1184 2827; x_wconf 85' lang='lat' dir='ltr'>manent.</span> 
     </span>
    </p>
   </div>
  </div>
 </body>
</html>
