1785 3111
743 104 1053 145 —108—

137 219 200 258 11.
233 220 283 257 Et
314 219 506 267 baptizato
537 218 710 265 protinus

230 277 378 323 Aperta
410 276 505 313 vidit
537 275 692 312 aethera

232 333 352 370 Nobis
384 343 451 369 suo
482 332 713 380 baptismate

231 389 369 427 Pandit
401 389 553 435 polique
583 388 741 437 regiam,

138 480 201 518 12·
231 536 342 573 Illum
374 546 488 582 super
520 534 753 572 descendere

230 593 349 639 Vidit,
385 592 461 628 doli
493 592 556 639 qui
587 591 735 628 nescius

228 650 379 686 Mentes
411 648 569 695 requirit
601 648 806 694 simplices,

134 740 199 778 13.
231 739 391 777 Audivit
425 743 462 775 et
492 748 622 776 vocem
652 738 796 784 patris:

230 796 402 833 Dilectus
434 796 496 832 hic
527 800 583 832 est
613 794 713 832 filius

230 854 265 890 A
299 853 461 901 saeculo,
496 852 607 900 dixit,
639 862 756 897 meus,

228 911 272 947 In
304 920 376 956 quo
409 909 500 945 mihi
533 908 754 955 complacui.

234 481 361 526 Atque
390 479 428 515 in
462 477 634 515 columba
665 477 840 524 spiritum

950 219 1015 260 14.

953 479 1018 517 15.

952 739 1017 778 16.

1047 219 1217 256 Edoctus
1248 220 1306 256 his
1338 221 1502 258 oraculis

1047 276 1223 322 Baptista
1255 278 1378 313 lesum
1409 277 1610 324 praedicat

1048 332 1189 369 Natum
1220 333 1306 378 Dei,
1339 333 1402 380 qui
1433 334 1471 370 in
1504 334 1642 380 spiritu

1050 388 1187 426 Sancto
1218 388 1352 426 fideles
1383 390 1526 430 abluat.

1050 478 1147 525 Quid
1180 489 1303 516 sermo
1335 485 1464 517 noster
1494 481 1656 527 amplius

1048 535 1170 571 Huius
1202 540 1313 572 canat
1342 537 1575 583 praeconia?

1049 592 1106 628 De
1137 603 1209 638 quo
1241 593 1362 638 patris
1393 605 1465 631 vox
1496 593 1575 631 filio

1048 648 1146 686 Olim
1178 649 1305 686 locuta
1335 651 1558 696 praecinit:-

1049 739 1121 786 En,
1153 739 1275 782 mitto,
1309 739 1417 785 dixit,
1451 741 1639 788 angelum,

1049 796 1169 832 Tuam
1200 800 1309 841 paret
1342 797 1405 842 qui
1437 797 1608 834 semitam

1050 852 1277 898 Vultumque
1322 858 1546 899 praecurrat
1575 857 1680 891 tuum

1048 908 1173 945 Solem
1205 909 1344 946 rubens
1377 916 1417 946 ut
1449 908 1598 949 lucifer.

205 998 400 1031 Cassander
434 999 455 1029 1.
481 1009 510 1029 c.
536 1009 568 1039 p.
594 995 661 1029 263
686 1008 761 1039 sqq.
786 1015 830 1018 —
861 996 888 1036 1,
918 996 932 1028 1
960 998 1062 1029 altus.
1087 1015 1130 1019 -
1158 995 1209 1037 16,
1235 996 1256 1030 3
1281 999 1471 1040 Vultuque.
1497 1017 1541 1021 —
1566 999 1634 1031 Str.
1663 998 1679 1031 1

114 1044 185 1076 und
210 1044 232 1076 4
257 1044 345 1076 auch
372 1045 409 1075 in
434 1044 579 1075 Collect.
605 1054 668 1074 ms.
694 1043 727 1075 S.
756 1043 941 1074 Michaelis
970 1044 1196 1085 Bambergen.
1222 1054 1311 1076 saec.
1341 1041 1428 1076 101'11.
1469 1044 1553 1077 Cod.
1577 1045 1679 1076 Bam-

113 1090 252 1131 bergen.
278 1092 307 1122 B
331 1091 366 1121 ΙΙ
394 1087 434 1121 10
461 1089 511 1129 (in
538 1089 686 1120 Alkuins
712 1088 860 1120 Traktat
886 1089 960 1127 „De
986 1089 1088 1120 laude
1113 1087 1226 1127 Dei‘·').
1251 1108 1295 1111 —
1325 1088 1351 1129 l,
1382 1088 1397 1121 1
1432 1090 1506 1122 alti.
1532 1107 1577 1111 —
1600 1088 1634 1130 4,
1659 1088 1680 1122 3

112 1136 183 1167 und
208 1134 238 1169 4,
264 1134 286 1167 4
310 1136 443 1178 gratiae
468 1137 505 1166 in
530 1134 655 1166 beiden
681 1134 838 1173 Quellen,
865 1134 1018 1166 weshalb
1045 1134 1101 1166 ich
1127 1134 1182 1166 die
1209 1135 1334 1166 Lesart
1358 1135 1505 1167 belasse.

475 1268 532 1304 86.
569 1268 628 1310 (8.1
664 1268 709 1302 111
736 1267 874 1303 Natali
900 1278 953 1304 ss.
981 1268 1097 1303 Petri
1124 1269 1163 1303 et
1189 1268 1324 1304 Pauli.

159 1367 194 1404 1.
227 1361 499 1412 Apostolorum
529 1364 691 1410 gloriam

229 1422 390 1469 Hymnis
422 1431 598 1457 canamus
632 1419 782 1466 debitiS,

227 1479 335 1515 Yotis
367 1488 541 1515 vacemus
573 1477 720 1522 annuis,

227 1536 325 1581 lesu,
360 1533 444 1571 fave
471 1533 730 1581 precantibus,

159 1627 195 1664 2.
227 1623 401 1665 Bariona
433 1625 560 1662 Simon
592 1626 728 1663 Petrus

229 1684 279 1720 Et
300 1683 441 1719 doctor
472 1684 592 1720 almus
624 1681 790 1729 gentium

226 1740 382 1776 Festiva
413 1740 549 1776 saeclis
581 1739 719 1785 gaudia

226 1797 300 1833 Suo
333 1797 509 1833 dicarunt
542 1796 734 1842 sanguine.

161 1888 198 1925 3.
230 1883 438 1926 Coniunxit
470 1886 561 1923 hora
593 1886 776 1922 transitus

228 1944 306 1981 Poli
340 1948 511 1989 petentes
542 1943 705 1990 ianuam,

226 2001 324 2045 Quos
353 2012 426 2037 una
457 2010 607 2046 semper
639 1999 777 2035 caritas

226 2057 371 2093 Mundo
404 2061 570 2093 retentos
601 2057 790 2095 iunxerat.

158 2149 196 2185 4.
228 2143 485 2185 Diversitates
517 2148 681 2193 gentium

228 2204 369 2240 Errore
401 2204 512 2250 longo
546 2204 717 2240 dissonas

227 2261 290 2297 Ad
324 2261 495 2297 veritatis
527 2261 686 2306 gratiam

226 2317 362 2353 Yerbis
394 2317 597 2353 trahebant
629 2316 813 2353 consonis.

159 2409 197 2446 5.
228 2403 428 2445 Ecclesiae
460 2407 638 2453 princeps
671 2417 778 2444 sacer

226 2464 269 2500 In
298 2468 424 2500 monte
456 2464 578 2500 lesum
612 2463 797 2510 conspicit

227 2520 439 2567 Vocemque
470 2520 590 2567 patris
622 2521 729 2566 igneo

226 2577 345 2614 Audit
376 2577 455 2623 poli
487 2577 533 2613 de
566 2578 719 2614 vertice.

156 2657 193 2694 6.
225 2652 428 2704 Fulgentis
452 2656 661 2692 ascendens
689 2655 767 2702 poli

225 2713 354 2749 Tertia
376 2713 515 2750 Paulus
548 2713 650 2749 edita

226 2772 378 2806 Arcana
411 2769 535 2815 discit,
568 2769 679 2805 alteri

226 2825 404 2862 Proferre
436 2825 529 2862 nulli
561 2835 656 2871 quae
685 2825 787 2863 licet.

979 1365 1014 1402 7.

948 2146 1012 2185 10.

947 2407 1013 2445 11.

945 2657 1013 2694 12.

1049 1358 1216 1403 Gressus
1247 1363 1400 1410 Cephae
1431 1374 1501 1410 per
1527 1364 1680 1402 caerula

1047 1420 1189 1457 Christi
1221 1421 1399 1457 iuvantur
1430 1420 1610 1469 dextera;

1047 1477 1218 1514 Christus
1250 1488 1349 1526 suos,
1383 1487 1430 1513 ne
1460 1477 1602 1514 saeculi

1045 1533 1249 1580 Demergat
1281 1544 1434 1581 aequor,
1467 1534 1591 1581 erigit.

1043 1621 1170 1662 Huius
1202 1624 1348 1670 pericla
1378 1624 1521 1661 saeculi

1046 1681 1154 1717 Vinci
1184 1680 1260 1717 fide
1293 1681 1528 1718 credentium

1045 1738 1182 1775 Paulus
1224 1738 1334 1774 docet
1364 1737 1439 1774 iam
1470 1735 1675 1784 naufragos

1045 1795 1203 1831 Salvans
1235 1794 1281 1830 ab
1311 1794 1423 1839 undis
1455 1794 1590 1834 socios.

1004 1915 1013 1923 .
1044 1881 1142 1923 Imis
1175 1885 1302 1922 Simon
1334 1895 1353 1920 e
1384 1883 1561 1921 fluctibus

1046 1942 1179 1978 Mundi
1211 1941 1344 1978 fideles
1377 1941 1581 1978 extrahens

1048 1998 1174 2035 Pisces
1206 1998 1334 2047 bonos,
1368 2003 1408 2034 ut
1439 1998 1587 2047 liberet,

1042 2055 1105 2092 Ad
1137 2055 1231 2091 lucis
1263 2054 1369 2091 effert
1400 2055 1575 2101 patriam.

1045 2142 1204 2184 Kastris
1236 2147 1273 2182 in
1306 2145 1415 2181 huius
1447 2145 1589 2182 saeculi

1044 2203 1202 2239 Manere
1233 2203 1350 2238 iustos
1382 2202 1525 2239 incolas

1044 2259 1182 2297 Paulus
1216 2259 1339 2298 docet.
1373 2259 1538 2295 tentoria

1044 2315 1224 2352 Texendo
1257 2315 1391 2352 castris
1425 2326 1603 2362 congrua.

1045 2403 1250 2452 Languore
1282 2404 1402 2442 fessos
1434 2407 1622 2442 transiens

1047 2463 1208 2500 Simonis
1239 2462 1373 2499 umbra
1405 2461 1592 2509 sublevat,

1042 2520 1205 2556 Mundat
1235 2519 1365 2565 leprae
1397 2519 1610 2564 contagium

1044 2576 1282 2621 Claudosque
1313 2585 1445 2622 gressu
1476 2575 1643 2614 roborat.

1045 2653 1232 2701 Magister
1263 2655 1362 2691 altus
1394 2654 1559 2701 gentium

1040 2712 1127 2750 Atri
1159 2709 1307 2747 furores
1339 2711 1495 2757 spiritus

1041 2770 1297 2813 Cunctumque
1324 2767 1493 2804 morbum
1516 2777 1586 2813 per
1606 2777 1673 2804 sua

1042 2825 1163 2871 Fugat
1193 2829 1327 2870 potens
1359 2824 1526 2861 sudaria.
