1785 3111
462 2056 528 2096 10.

468 2328 530 2366 11.

466 2597 532 2636 12.

784 49 1094 89 -174-

507 192 514 200 .
549 162 701 199 Gratias
732 174 876 200 summo
908 162 1064 199 ferimus
1095 163 1260 210 parenti,

548 219 617 265 Qui
649 219 748 256 diem
780 220 876 257 tanti
908 219 1027 257 voluit
1057 219 1206 266 tropaei

550 275 663 322 Regis
694 276 733 313 in
763 276 883 313 nostri
914 276 1094 313 redimire
1126 286 1261 322 magno

708 333 867 370 Lumine
898 337 1036 373 votum,

510 452 519 461 .
553 422 767 470 Concrepat
792 424 904 460 tellus
937 424 1086 460 Latium
1118 434 1188 469 per
1218 432 1340 472 omne,

552 479 647 516 Tota
678 481 839 517 miratur
868 480 930 517 via
961 480 1229 527 Transpadani

552 535 725 583 Liminis,
759 537 939 583 quidnam
970 547 1068 573 nova
1099 536 1320 584 gaudiorum

709 594 854 630 Nuntia
886 593 1046 640 signent.

512 724 519 732 .
552 695 643 732 Alta
675 696 867 733 Penninus
898 696 984 742 iuga
1014 693 1145 740 flectit,
1179 695 1316 732 horror

555 751 676 789 Solvit
708 757 743 788 et
776 756 917 801 cautes,
951 752 1114 789 retrahit
1143 750 1296 797 fluenta,

555 808 797 846 Murmurant
829 810 959 854 silvae,
993 809 1119 845 silices
1151 807 1342 854 feraeque,

711 866 831 902 Terra
863 866 1058 912 stupescit.

559 969 653 1005 Inde
685 968 807 1004 Ticini
839 971 1042 1014 superatur
1072 967 1206 1013 amnis,

552 1025 729 1071 Mysticis
761 1024 929 1071 gaudens
959 1024 1104 1071 pariter
1136 1024 1299 1061 camenis

553 1081 653 1118 Vera
685 1081 892 1127 respondet¹
923 1081 1171 1127 stupidasque
1202 1085 1347 1117 mentes

711 1138 839 1184 Erigit
871 1138 981 1176 orsis.

518 1270 525 1277 .
559 1239 664 1278 Urbe
698 1240 745 1277 de
776 1251 911 1286 magna
943 1239 1089 1276 numeri
1120 1239 1298 1285 perennis

554 1297 660 1334 Unus
695 1297 861 1344 advenit,
895 1296 999 1333 iuvet
1029 1300 1069 1332 ut,
1100 1295 1253 1332 beatum

534 1354 737 1391 -Caesaris
769 1353 890 1390 nostri
921 1352 1126 1399 populique
1159 1353 1269 1398 proni

716 1410 876 1456 Semper
906 1410 1097 1447 honorem.

561 1512 661 1549 Hinc
695 1512 779 1559 viri,
811 1515 964 1555 matres,
996 1511 1150 1548 iuvenes
1181 1521 1376 1559 senesque,

557 1569 720 1617 Divites,
754 1569 849 1613 sani,
882 1575 1013 1605 tenues
1045 1572 1081 1604 et
1113 1568 1229 1615 aegri,

559 1626 716 1673 Quique,
740 1625 840 1672 quod
864 1629 1033 1673 possunt,
1057 1635 1173 1671 genus
1196 1624 1464 1661 administrant

716 1682 859 1719 Laudis
892 1682 1084 1719 honestae.

519 1815 526 1823 .
558 1785 645 1831 Ipse
676 1794 865 1831 pugnaces
899 1783 1009 1819 docet
1041 1787 1077 1819 et
1108 1783 1315 1829 phalanges

559 1841 685 1878 Instar
717 1851 897 1887 agnorum
931 1840 1090 1876 reboare
1120 1840 1253 1876 laudes

560 1898 684 1947 Pacis,
718 1897 855 1933 oblitas
887 1897 965 1934 odii
998 1897 1168 1934 nocentis

718 1955 985 2000 induperator.

557 2058 782 2102 Purpuram,
816 2059 1033 2104 sceptrunn
1055 2055 1242 2101 diadema,
1276 2053 1398 2091 fasces

559 2113 726 2151 Militum
758 2118 913 2159 turmas,
949 2113 1063 2149 decus
1096 2116 1133 2148 et
1163 2116 1362 2158 paternum

561 2170 725 2216 Temnst,
757 2173 799 2205 ut
831 2169 972 2206 Christi
1004 2169 1138 2205 melius
1169 2169 1348 2205 honorem

719 2225 949 2272 Compi-obet
979 2226 1017 2262 in
1049 2236 1101 2264 se.

563 2327 660 2364 Nam
693 2328 811 2374 pedes
840 2327 968 2363 multis
1000 2326 1146 2362 medius
1177 2326 1339 2362 catervis

566 2385 679 2422 Vadit
710 2388 745 2420 et
777 2394 885 2420 sacro
917 2383 1093 2429 scapulas
1125 2381 1269 2420 feretro

562 2441 656 2479 Ossa
687 2445 862 2488 gesturus
894 2440 1062 2486 pretiosa
1089 2439 1218 2476 subdit

719 2497 903 2544 Martyris
935 2497 1035 2534 almi.

566 2597 699 2634 Clerus
730 2598 880 2634 orditur
911 2598 1155 2644 sequiturque
1187 2597 1323 2643 clerus,

563 2653 678 2690 Gesta
711 2655 906 2691 mirandae
936 2665 1046 2691 sacra
1080 2654 1278 2700 passionis,

563 2710 700 2747 Militis
733 2711 876 2747 Christi
908 2710 1077 2747 referens
1114 2711 1344 2757 triumphum

724 2767 889 2804 Vocibus
920 2768 1023 2806 istis:
