1785 3111
708 59 1016 100 —367—

562 174 600 211 9.
644 173 752 219 Quod
783 177 824 210 ut
854 174 1062 221 propitium

646 230 695 266 sit
726 229 849 277 nobis,

644 297 712 324 vos
743 287 889 324 orando
920 287 1134 334 impretate.

173 372 277 405 Grad.
310 385 374 406 ms.
409 372 671 415 Secovienseff)
703 386 794 409 saec.
828 373 880 407 12.
935 376 1018 409 Cod.
1053 376 1297 409 Vindobonen.
1334 374 1458 408 13314.
1491 394 1535 400 —-
1563 376 1653 409 Mel:

81 416 165 457 Ave,
185 418 391 460 praeclara.

510 543 592 578 285.
625 543 708 587 (22.)
742 545 801 579 De
826 545 968 580 sancto
995 543 1223 580 Matthaeo.

560 649 596 687 1.
644 650 687 686 In
716 649 837 686 Deum
869 649 995 687 vivum

649 706 813 742 exsultet
842 705 1039 743 iubilando

649 773 738 799 caro
766 767 802 799 et
834 773 899 799 cor
928 767 1112 802 nostrum.

84 842 155 880 2a.
196 840 347 878 Etenim
380 852 515 888 passer

197 897 395 936 adinvenit
427 898 498 935 sibi
531 898 696 943 domum,

905 841 980 880 2b.
1023 842 1182 887 Quando
1215 841 1388 879 Christus
1419 842 1524 879 Iesus

1019 899 1068 936 ad
1099 909 1139 935 se
1171 899 1319 936 vocavit
1349 899 1598 938 Matthaeum.

86 991 156 1028 3a.
197 989 449 1026 Ascensiones
906 989 981 1028 31).
1025 990 1117 1027 Cum
1149 990 1425 1027 mundanarum

87 1195 158 1234 4a.

88 1457 158 1493 5a.

88 1662 158 1699 6a.

91 2149 161 2189 72.

198 1046 235 1082 in
269 1046 384 1083 corde

197 1103 259 1150 qui
291 1107 382 1140 tunc
415 1102 612 1153 disposuit,

199 1193 488 1231 Misericordias

196 1261 295 1287 nunc
326 1254 364 1287 et
393 1250 432 1287 in
466 1255 661 1288 aeternum

199 1312 391 1344 cantemus
423 1308 526 1354 patri

197 1364 559 1410 misericordiarum,

201 1455 350 1492 Clarior
382 1454 480 1492 facie
511 1456 637 1503 Moysi

197 1512 435 1558 resplenduit

198 1567 317 1605 facies
348 1569 552 1616 Matthaei,

199 1660 251 1697 Hi
283 1660 357 1697 duo
390 1661 601 1698 consistunt

196 1717 234 1753 in
267 1717 392 1763 capite

903 1194 977 1232 4b.

909 1456 982 1495 5b.

908 1661 978 1699 6b.

1018 1057 1193 1083 curarum

1020 1104 1145 1141 vincla
1178 1104 1366 1150 deposuit.

1022 1195 1128 1231 Inter
1159 1194 1351 1241 apostolos

1019 1255 1055 1287 et
1085 1251 1336 1298 evangelistas

1019 1308 1083 1355 qui
1111 1308 1251 1344 locavit

1022 1375 1244 1402 conversum
1276 1364 1534 1411 publicanum,

1025 1456 1123 1493 Nam
1155 1456 1253 1492 liber
1284 1456 1538 1503 generationis

1025 1513 1167 1550 Christi
1200 1513 1339 1549 clarior

1021 1575 1077 1606 est
1107 1570 1206 1606 libro
1240 1569 1392 1607 Genesi.

1022 1661 1189 1699 Proinde
1220 1665 1361 1708 quanta
1392 1665 1449 1698 est

1022 1719 1205 1755 distantia

197 1774 336 1811 veteris
367 1774 450 1823 ille,
482 1775 546 1812 hic
1021 1775 1121 1812 inter
1152 1775 1431 1823 scripturarum

197 1841 317 1868 novae
347 1832 575 1880 scripturae,
1020 1832 1210 1879 principia

197 1887 265 1925 sed
295 1887 361 1924 ille
1019 1889 1197 1936 antiquae

199 1944 405 1991 antiquam,
1021 1950 1058 1982 et
1088 1956 1220 1994 novae,

198 2001 260 2037 hic
290 2012 424 2038 novam
1020 2007 1127 2039 tanta
1158 2009 1214 2039 est

199 2058 332 2094 scribit
364 2059 638 2106 genealogiam.

202 2148 308 2186 Haec
339 2153 398 2185 est
427 2150 598 2198 mutatio,

199 2216 310 2252 quam
342 2211 524 2252 operatur
555 2207 695 2244 excelsi

200 2262 386 2309 principis
419 2263 589 2304 dextera.

908 2149 982 2188 7b.

1020 2060 1059 2096 in
1090 2060 1287 2097 Mattliaeo
1318 2064 1355 2096 et
1384 2059 1531 2106 Moyse.

1024 2150 1164 2195 Legem
1197 2150 1259 2196 qui
1293 2150 1464 2197 dederat,

1021 2217 1121 2243 nunc
1153 2206 1437 2254 evangelizatur
1465 2219 1488 2245 a

1022 2263 1117 2309 legis
1148 2267 1441 2310 transgressore.

96 2353 165 2391 8a.
207 2353 310 2390 Talis
343 2357 400 2390 est
431 2352 577 2391 fructus
911 2353 985 2393 8b.
1028 2354 1080 2391 Et
1111 2354 1334 2400 publicanos

201 2410 457 2456 paenitentiae
1025 2415 1180 2447 cunctos
1211 2411 1320 2448 unius

202 2470 239 2502 et
269 2467 413 2513 gratiae
441 2468 568 2514 lapsos
1023 2468 1194 2514 exemplo
1226 2468 1276 2505 ad
1308 2469 1424 2506 vitam

202 2523 408 2561 relevantis
1022 2525 1248 2564 revocantis

93 2616 164 2653 9a.
204 2614 276 2651 Est
306 2616 443 2652 etenim
910 2615 984 2654 9b.
1027 2617 1081 2655 Ut
1111 2617 1246 2653 suimet

203 2682 313 2709 omne
345 2672 515 2709 debitum
1024 2683 1093 2721 per
1124 2674 1338 2720 exemplum

204 2728 253 2765 ad
285 2728 355 2765 hoc
387 2740 495 2766 servo
1023 2729 1196 2766 misereri

205 2795 228 2820 a
257 2784 337 2822 Deo
371 2786 581 2833 dimissum,

1027 2786 1121 2823 sciat
1153 2797 1430 2827 conservorum.
