1785 3111
700 108 749 112 —
815 85 896 125 213
955 108 1009 112 —

330 275 410 310 161.
449 275 507 318 (3.)
542 274 796 319 Epigramma
823 275 974 311 Psalmi
999 275 1179 311 vicesimi
1204 275 1383 311 secundi.

295 381 359 418 Me
390 384 500 427 pater
530 381 770 427 omnipotens
803 382 979 418 clementi
1008 381 1090 418 iure
1122 381 1320 428 gubernat,

296 437 382 474 Non
411 437 504 473 mihi
536 437 620 474 dira
653 436 783 482 fames,
816 449 890 475 non
921 439 1001 475 ulla
1031 438 1183 475 nocebit
1214 444 1374 485 egestas.

297 495 442 531 Assunt
473 494 656 541 graminei
690 495 805 531 colles
836 500 873 532 et
907 506 1048 541 pascua
1079 496 1190 534 laeta.

296 552 440 588 Assunt
470 555 507 587 et
538 551 672 597 liquidi
704 550 828 588 fontes
861 556 898 588 et
928 550 1081 589 flumina
1110 553 1229 598 larga.

241 611 263 646 5
296 609 366 646 His
398 618 466 655 ego
496 608 673 653 nutritus,
708 609 765 645 his
799 619 951 655 semper
981 609 1131 645 abunde
1162 607 1339 657 refectus,

298 665 470 701 Iustitiae
502 670 624 701 rectos
657 666 883 703 contendam
917 676 1074 712 carpere
1106 666 1235 709 calles,

297 722 398 767 Quos
429 721 520 758 mihi
555 722 629 758 dux
659 722 794 758 mentis
827 727 973 759 secreto
1008 722 1148 759 lumine
1179 723 1327 768 pandit.

295 778 421 824 Ipsius
450 783 492 815 ut
516 789 650 815 nomen
685 779 898 815 celebretur
929 779 1042 816 laude
1074 780 1244 825 perenni.

295 835 408 872 Illum
441 845 509 881 ego
541 835 656 872 corde
687 846 846 882 sequens
876 836 943 872 leti
974 836 1181 882 mortisque
1212 836 1392 873 tenebras

212 893 262 930 10
294 892 495 939 Intrepido
527 892 683 929 calcabo
711 893 820 942 pede,
855 893 954 930 mala
984 893 1088 930 nulla
1119 893 1272 932 timebo.

295 948 421 986 Meme
451 949 592 997 quippe
622 954 722 995 tuae,
752 950 814 996 pie
846 960 924 999 rex,
959 949 1149 997 correptio
1180 951 1310 997 virgae

296 1005 361 1042 Me
390 1005 561 1051 baculus,
595 1011 706 1052 pater
736 1006 846 1051 alme,
878 1012 962 1043 tuus
993 1005 1194 1053 firmatque
1221 1007 1404 1054 regitque,

296 1062 354 1098 Tu
383 1062 477 1099 mihi
509 1063 680 1111 delicias,
713 1068 754 1100 tu
786 1074 952 1100 mensam
984 1064 1190 1110 epulasque
1221 1064 1377 1110 parasti,v

295 1119 385 1165 Quis
417 1123 522 1156 satur
553 1119 714 1157 invictas
746 1121 940 1167 adipiscar
970 1125 1124 1167 pectore
1155 1122 1254 1158 vires

213 1177 262 1214 15
294 1176 564 1223 Adversasque
594 1178 694 1214 acies
726 1178 886 1224 pulchro
919 1178 1124 1214 certamine
1155 1178 1316 1225 vincam,

295 1231 353 1271 Ut·
378 1233 472 1270 mihi
502 1237 589 1280 post
619 1234 768 1271 validos
800 1245 948 1282 pugnae
979 1235 1148 1271 victricis
1175 1246 1313 1282 agones

295 1287 484 1327 Laetitiae
515 1291 621 1338 largo
654 1296 765 1338 caput
797 1297 1023 1339 aspergatur
1053 1292 1153 1328 olivo

296 1345 564 1394 Lucifluusque
595 1348 693 1385 calix
726 1348 838 1395 pleno
870 1359 929 1384 me
960 1349 1111 1395 proluat
1144 1349 1280 1386 haustu

298 1403 553 1451 Servatusque
584 1409 649 1441 tua
681 1406 826 1442 cunctis
859 1406 1001 1452 pietate
1035 1405 1168 1442 diebus

212 1459 264 1496 20
297 1459 494 1498 Sidereum
528 1461 667 1499 Christi
701 1473 849 1499 merear
879 1463 1135 1501 conscendere
1166 1464 1362 1510 templum„

296 1516 372 1554 Sub
401 1529 474 1565 quo
505 1519 700 1566 perpetuis
732 1520 856 1556 vivam
888 1518 1054 1556 feliciter
1083 1520 1205 1559 annis.

164 1628 247 1660 Cod.
273 1629 423 1662 Parisin.
451 1628 549 1663 7558.
575 1641 664 1663 saec.
691 1630 721 1663 9.
750 1650 789 1653 —
818 1630 838 1662 2
863 1633 941 1663 Non
969 1642 1031 1663 me.
1051 1649 1095 1652 ἡ-
1119 1630 1139 1663 6
1165 1634 1282 1665 colles.
1302 1651 1345 1655 —
1373 1630 1393 1663 9
1420 1632 1515 1663 laeti.
1534 1649 1577 1653 ——
1606 1630 1645 1663 17

71 1673 195 1715 capud.
220 1692 265 1695 —
292 1673 332 1706 19
358 1677 493 1708 cinctis.
519 1694 562 1698 —
588 1677 770 1709 Diimmler
795 1678 840 1713 ΙΙ,
867 1676 944 1709 535.

357 1855 437 1891 162.
475 1856 533 1899 (4.)
569 1856 823 1900 Epigramma
848 1857 999 1892 Psalmi
1026 1857 1207 1892 vicesimi
1234 1857 1356 1893 sexti.

277 1961 361 1997 Lux
393 1961 485 1998 mihi
513 1973 610 2008 pura
640 1962 755 2011 Deus,
789 1963 893 1999 Deus
925 1968 981 2000 est
1012 1963 1104 1999 mihi
1130 1963 1258 2000 vivida
1292 1964 1423 2004 virtus.

278 2017 360 2056 Nec
390 2017 567 2056 tenebras
597 2019 714 2066 igitur
744 2030 814 2056 nec
845 2021 976 2057 mortis
1009 2021 1092 2057 iura
1124 2020 1297 2059 verebor.

279 2075 363 2112 Hoc
393 2079 519 2112 tutore
549 2087 633 2113 mea
664 2081 702 2112 et
731 2078 899 2114 munitur
931 2077 1092 2123 denique
1123 2077 1213 2123 vita.v

281 2131 340 2168 Ne
370 2143 430 2168 me
463 2132 546 2169 dira
577 2133 660 2170 loco
692 2134 813 2180 possit
846 2133 1009 2171 formido
1041 2144 1205 2173 movere.

224 2190 246 2226 5
279 2189 355 2227 Sed
386 2199 562 2236 spernam
595 2195 749 2227 cunctos
781 2191 947 2228 robustis
979 2191 1124 2228 viribus
1156 2191 1295 2229 hostes.

279 2245 350 2292 Qui
380 2251 590 2292 properant
620 2251 770 2284 nostras
802 2248 911 2284 malis
942 2248 1141 2285 absumere
1173 2258 1318 2286 carnes,

279 2303 392 2349 Ecce,
425 2313 548 2339 meum
580 2307 686 2340 tanto
718 2303 872 2351 pulsant
903 2305 967 2351 qui
999 2305 1149 2341 turbine
1180 2310 1325 2351 pectus,

281 2359 433 2397 Robore
465 2360 626 2397 contrito
658 2361 760 2397 tristi
792 2362 942 2407 periere
974 2362 1094 2400 ruina.

281 2416 369 2453 Sive
400 2427 489 2463 ergo
520 2417 654 2453 castris
688 2418 845 2454 sedeant
877 2429 942 2455 seu
973 2418 1118 2465 proelia
1149 2423 1348 2467 temptent.

197 2471 248 2509 10
283 2473 422 2510 Ponam
456 2474 572 2511 corde
602 2480 754 2521 metum,
787 2485 892 2522 spem
925 2479 1003 2512 tota
1034 2479 1159 2512 mente
1190 2486 1389 2512 resumam.

281 2530 407 2568 Unum
439 2535 507 2574 051,
541 2531 640 2576 011οᾶ
672 2531 765 2569 caeli
799 2532 990 2568 dominum
1022 2537 1220 2579 terraeque
1252 2533 1408 2581 poposci

279 2586 461 2633 Quodque
491 2588 630 2624 ardens
662 2588 777 2624 nimio
810 2589 886 2624 voti
919 2587 1069 2626 fervore
1102 2590 1302 2636 requiram,

283 2642 336 2680 Ut
365 2654 537 2680 maneam
569 2645 713 2681 eunctis
746 2645 889 2681 Christi
921 2646 989 2682 sub
1023 2646 1218 2683 moenibus
1247 2647 1367 2686 annis,

283 2699 406 2746 Ipsius
438 2711 482 2737 ex
511 2705 641 2738 sancto
672 2712 874 2738 succensus
906 2713 1056 2749 semper
1086 2714 1214 2740 amore

199 2755 249 2792 15
284 2755 614 2802 Saepiusfaeterni
648 2759 764 2795 visam
798 2769 907 2795 sacra
938 2759 1069 2796 limina
1100 2761 1246 2806 templi.

283 2812 356 2848 Hic
386 2824 445 2850 me
477 2825 649 2861 namque,
684 2814 774 2851 feris
807 2826 889 2852 cum
922 2816 1094 2863 cingerer
1124 2817 1290 2863 undique
1323 2817 1444 2854 1101115.
