1785 3111
730 53 1038 94 —387—

292 168 415 205 Penso
445 177 566 205 meam
599 178 761 215 causam,
795 178 993 206 numeroso
1026 169 1185 206 crimine
1217 168 1395 215 clausam,

294 223 374 261 Nec
405 234 492 271 spes
522 224 601 261 ulla
631 230 772 270 manet,
804 225 878 261 nisi
909 236 968 262 me
1000 230 1063 262 tua
1094 225 1221 271 passio
1251 229 1374 263 sanet.

198 281 249 318 10
297 280 444 328 Dignus
476 291 576 318 eram
610 282 755 327 poenis,
789 292 911 328 cruce,
944 281 1118 328 flammis,
1151 286 1283 328 morte,
1317 282 1473 328 eatenis,

292 337 345 374 Et-
375 337 481 384 quasi
512 337 582 374 sub
613 338 734 375 cultro
766 339 926 384 positum
960 329 1029 375 mes
1053 339 1214 385 surripis
1245 339 1360 377 ultro.

293 393 322 431 O
354 395 478 440 pietas
510 394 666 442 Christi,
698 395 788 441 quid
818 395 855 431 in
887 395 958 432 hoc
988 394 1073 432 fieri
1103 395 1291 432 voluisti?

292 450 392 487 Dum
425 461 494 497 pro
526 461 584 487 me
616 453 787 499 moreris,
821 462 879 488 me
911 453 1037 488 vivere
1070 453 1166 489 velle
1198 452 1352 492 videris.

291 506 392 552 Quas
426 506 587 544 referam
619 513 759 555 grates,
792 519 887 555 quae
921 509 1019 546 dona
1051 519 1121 555 per
1151 509 1218 545 has
1250 509 1461 546 bonitatis?

196 564 245 601 15
294 564 433 602 Cordis
465 569 552 601 vota
583 565 671 602 boni
703 570 765 602 tua
798 565 872 601 sint
903 566 1087 602 libamina
1119 566 1222 603 doni.

180 664 323 697 Collect.
348 676 411 696 ms.
436 665 595 697 Roffense
623 676 712 697 saec.
740 663 791 697 12.
837 666 919 698 Cod.
945 667 1115 698 Oxonien.
1142 666 1251 697 Laud.
1278 666 1425 698 Miscell.
1452 665 1504 698 40.
1533 685 1573 688 —
1606 666 1656 703 13,

89 720 142 742 me
167 710 257 742 velle
281 712 400 743 vivere
425 711 556 743 videris
582 712 645 742 Hs.
672 727 717 732 —

533 889 614 925 298.
651 890 732 934 (12.)
773 890 957 926 Christus
983 891 1031 926 de
1059 891 1200 927 cruce.

290 995 388 1042 Quid
422 996 722 1042 contemplaris?
755 996 906 1043 morior,
939 1007 985 1033 ne
1017 1001 1057 1033 tu
1088 998 1275 1043 moi-iaris,

290 1053 429 1089 Tactus
459 1063 587 1090 amore
618 1053 680 1099 pio
711 1053 775 1101 pia
805 1065 874 1100 pro
907 1059 943 1090 te
976 1053 1128 1091 victima
1160 1053 1220 1100 fio,

287 1109 426 1146 Mortis
458 1115 499 1146 ut
529 1115 718 1146 exsortem
750 1108 888 1147 faciam
920 1115 968 1160 te,
1002 1110 1140 1148 suffero
1172 1116 1343 1160 mortem,

288 1165 435 1204 Probra
467 1166 588 1204 crucis
619 1167 751 1211 tolero,
784 1171 849 1204 tua
881 1167 968 1204 dum
1000 1168 1118 1217 lucra,
1153 1179 1225 1205 non
1257 1178 1349 1217 mea,
1384 1179 1536 1215 quaere.

227 1225 249 1261 5
293 1222 416 1259 Huius
447 1234 567 1270 agone
599 1223 720 1260 crucis
751 1223 822 1260 tibi
853 1234 1029 1271 comparo
1059 1225 1199 1271 gaudia
1229 1225 1337 1271 lucis.

289 1279 441 1317 Scilicet
471 1280 572 1317 istud
605 1291 687 1327 ago⁴
720 1291 803 1318 mea
833 1292 880 1317 ne
911 1282 1095 1318 moriatur
1127 1282 1262 1328 imago,

287 1336 385 1374 Tota
415 1337 517 1373 salus
548 1337 709 1374 hominis
741 1348 844 1374 meus
877 1342 931 1374 est
963 1338 1002 1374 in
1036 1338 1106 1375 hac
1138 1349 1249 1375 cruce
1280 1338 1377 1384 finis,

288 1393 452 1430 Mortem
482 1398 604 1431 morte
634 1394 752 1440 gravi,
789 1395 874 1431 dum
907 1406 976 1441 pro
1008 1400 1045 1431 te
1077 1395 1225 1444 suffero,
1260 1395 1392 1442 stravi,

289 1450 478 1496 Sanguine
508 1452 716 1498 quaesitam
746 1452 969 1488 mortalibus
1001 1462 1113 1499 erogo
1147 1452 1275 1498 vitam,

190 1507 241 1545 10
287 1506 440 1544 Robora
472 1508 674 1545 conscendi
706 1507 908 1544 crucifixus
939 1508 1066 1555 ibique
1095 1509 1274 1555 pependi.

288 1562 425 1601 Grates
457 1574 546 1612 ergo
576 1564 697 1602 bonas
729 1569 764 1601 et
796 1565 965 1611 praemia
998 1566 1112 1613 digna
1144 1577 1321 1612 reponas

288 1619 348 1657 Ne
379 1620 430 1657 sis
460 1621 631 1668 ingratus
662 1621 764 1670 mihi,
797 1622 901 1658 cuius
933 1633 971 1658 es
1004 1628 1085 1658 arte
1113 1623 1252 1669 piatus.

290 1677 397 1714 Haec
427 1678 501 1714 nisi
531 1689 665 1725 magna
697 1679 789 1715 satis
820 1683 907 1715 sunt
941 1679 1039 1716 dona
1068 1690 1172 1716 meae
1200 1680 1366 1728 pietatis⁷

287 1734 403 1771 Addo
433 1739 520 1771 tuus
551 1735 656 1771 Iesus
684 1734 732 1772 fio
763 1735 834 1772 tibi
864 1740 975 1782 potus
1007 1742 1041 1772 et
1075 1747 1170 1785 esus⁷

188 1791 237 1829 15
287 1790 462 1828 Suaviter
492 1791 690 1838 appositae
724 1791 820 1842 bibe,
857 1793 994 1829 mando
1026 1793 1171 1830 cibaria
1202 1794 1314 1831 vitae.

171 1891 314 1924 Collect.
341 1902 403 1924 ms.
429 1892 590 1925 Roffense
616 1903 705 1925 saec.
735 1891 786 1925 1‘2.
836 1893 917 1925 Cod.
944 1893 1116 1926 Oxonien.
1141 1894 1252 1925 Laud.
1278 1894 1426 1926 Miscell.
1452 1891 1507 1926 40.
