1785 3111
76 208 144 247 15.

75 480 141 518 16.

75 752 141 792 17.

78 1024 146 1065 18.

78 1297 143 1338 19.

68 1572 138 1611 20.

69 1844 139 1883 21.

69 2118 140 2158 22.

72 2385 139 2423 23.

73 2650 142 2690 24.

176 206 295 244 Stella
322 207 452 254 maris,
484 217 580 254 quae
600 207 810 253 praeclaris

230 263 384 301 Emicas
415 263 632 309 virtutibus,

174 320 404 358 Praedicata
436 323 473 357 et
502 320 659 358 laudata

229 380 264 415 A
292 377 467 424 supernis
498 376 655 426 civibus,

173 477 235 516 Ab
267 489 397 516 errore
428 482 493 516 tuo
522 489 627 516 more

232 535 441 572 Pereuntes
473 535 609 582 libera,

176 591 256 629 Fac
286 592 414 629 redire
447 596 482 629 et
513 592 655 639 largire

232 648 451 686 Gratiarum
484 659 652 687 munera.

174 751 340 789 Primum
374 751 525 799 quidem
557 751 665 788 nobis
697 750 810 789 fidem

231 808 323 846 Tuis
354 819 448 855 auge
479 808 657 855 precibus

171 865 222 902 Et
252 866 301 902 da
330 865 451 911 nobis,
483 870 524 902 ut
553 869 591 902 te
620 864 752 912 probis

230 922 428 960 Imitemur
458 922 618 960 actibus,

178 1025 253 1071 Spe
283 1023 456 1061 labentes
487 1022 595 1061 firma
626 1027 784 1071 mentes,

230 1080 399 1118 Caritate
430 1079 580 1127 robora,

171 1137 251 1175 Fac
282 1137 503 1185 concordes,
535 1137 638 1184 pelle
659 1137 805 1187 sordes,

228 1194 383 1232 Excusa
414 1192 597 1232 facinora.

175 1298 280 1335 Iesse
310 1297 450 1347 proles,
484 1297 589 1334 solve
619 1297 750 1344 moles,

228 1355 331 1401 Quae
343 1364 403 1391 me
414 1359 604 1401 premunt,
623 1353 808 1391 scelerum

173 1413 299 1458 Atque
330 1421 463 1458 pacem
496 1411 545 1448 da
576 1409 740 1448 feracem

228 1466 490 1506 Perfectorum
521 1477 689 1514 operum.

170 1570 431 1608 Truculentus
466 1575 503 1607 et
534 1573 712 1607 cruentus

226 1626 357 1664 Hostis
391 1627 511 1664 instat
540 1627 709 1676 nimium,

170 1683 318 1731 Nempe
350 1688 487 1729 certat,
520 1687 561 1721 ut
592 1683 791 1722 subvertat

227 1742 292 1779 Me
324 1751 395 1790 per
426 1742 551 1778 carnis
583 1740 727 1781 vitium.

171 1843 283 1880 Nunc
303 1843 479 1890 latenter,
512 1853 612 1880 nunc
632 1846 810 1890 patenter

229 1900 316 1937 Non
348 1904 473 1937 cessat-
502 1900 660 1947 irruere,

173 1957 366 2002 Quaerens
383 1960 503 1994 artem
519 1960 634 2003 atque
645 1960 807 2007 partem,

229 2014 309 2059 Qua
339 2013 459 2061 possit
491 2013 701 2061 subripere.

173 2116 407 2155 Conservare
437 2127 497 2153 me
529 2117 698 2165 dignare,

226 2173 404 2211 Gloriosa
436 2174 600 2223 domina,

171 2231 222 2269 Et
253 2230 375 2268 relide
405 2230 620 2268 homicidae

228 2287 408 2324 Furentis
440 2287 651 2325 conamina.

171 2383 302 2421 Sermo
333 2394 451 2420 vanus
482 2387 546 2420 aut
577 2384 730 2421 insanus

225 2440 324 2479 Mihi
356 2451 431 2477 non
462 2439 662 2487 subripiat,

171 2496 257 2534 Non
288 2496 441 2534 auditus
474 2501 538 2534 aut
569 2497 740 2544 pruritus

227 2552 348 2591 Gulae
378 2563 438 2590 me
470 2553 649 2600 decipiat.

173 2649 260 2687 Non
290 2660 350 2687 me
380 2653 503 2687 tactus
535 2655 600 2688 aut
631 2648 794 2687 olfactus

228 2706 293 2743 Ad
325 2710 521 2753 peccatum
555 2707 732 2753 concitet,

169 2762 255 2799 Non
289 2773 350 2799 me
380 2764 483 2801 visus
515 2764 593 2801 sive
624 2764 721 2800 risus

228 2820 308 2857 Aut
340 2818 448 2857 furor
476 2820 715 2867 praecipitet.

896 209 962 248 25.

899 481 964 518 26.

895 752 961 791 27.

894 1024 962 1063 28.

895 1299 961 1336 29.

900 1571 966 1610 30.

896 1844 962 1885 31.

895 2119 962 2156 32.

895 2385 961 2424 33.

896 2651 962 2689 34.

996 207 1058 246 Sic
1088 208 1221 245 nociva
1254 207 1445 245 incentiva

1051 265 1258 313 Sopiantur
1289 264 1471 312 corporis,

997 321 1047 360 Ut
1081 320 1287 368 frigescant
1320 327 1355 358 et
1387 321 1582 368 quiescant

1055 378 1167 415 Pravi
1197 383 1319 416 motus
1351 379 1530 425 pectoris.

999 479 1054 517 Sit
1087 490 1221 517 serena
1252 490 1359 517 mens
1394 484 1429 517 et
1459 480 1571 527 plena

1055 537 1228 584 Spiritali
1259 536 1410 584 gaudio,

997 593 1193 631 Illustrata
1226 599 1261 630 et
1293 600 1454 640 purgata

1055 650 1176 687 Verae
1207 650 1302 687 lucis
1335 650 1458 690 radio,

994 751 1122 789 Meum
1154 757 1286 798 pectus
1316 752 1370 788 sic
1401 751 1555 790 affectus

1055 808 1233 845 Caritatis
1266 809 1423 856 repleat,

995 864 1047 903 Ut
1079 864 1186 913 abeo,
1220 865 1406 912 quidquid
1435 865 1515 902 Deo

1054 922 1256 971 Displicet,
1291 926 1495 962 removeat.

995 1023 1025 1061 Ο
1056 1024 1192 1073 Maria,
1227 1025 1328 1061 vitae
1358 1024 1428 1073 via,

1052 1081 1170 1118 Plena
1202 1081 1273 1118 Dei
1304 1082 1438 1128 gratia,

994 1137 1102 1175 Inter
1131 1137 1252 1174 Deum
1286 1144 1322 1175 et
1353 1138 1452 1175 hunc
1484 1148 1589 1175 reum

1056 1195 1206 1244 Precor,
1240 1198 1280 1231 ut
1308 1195 1359 1231 sis
1390 1195 1528 1234 media.

993 1297 1129 1334 Funde
1159 1307 1323 1347 precem,
1357 1307 1403 1334 ne
1434 1297 1472 1334 in
1500 1307 1628 1334 necem

1051 1354 1236 1390 Decidam
1267 1360 1504 1402 perpetuam,

993 1411 1044 1448 Ut
1076 1411 1145 1447 sim
1180 1416 1303 1448 castus
1335 1416 1448 1457 atque
1480 1409 1600 1448 fastus

1050 1468 1171 1504 Huius
1202 1468 1333 1505 mundi
1364 1478 1552 1515 respuam.

999 1570 1070 1608 Ille
1103 1571 1238 1607 ductor
1271 1574 1306 1606 et
1337 1570 1546 1607 instructor

1053 1627 1159 1664 Assit
1191 1627 1282 1663 mihi
1315 1627 1484 1673 spiritus,

997 1684 1067 1730 Qui
1098 1688 1135 1720 te
1166 1684 1346 1721 mundam
1369 1689 1404 1720 et
1428 1682 1631 1722 fecundam

1052 1741 1161 1779 Fecit
1193 1751 1275 1777 esse
1306 1741 1477 1779 caelitus.

994 1843 1080 1891 Illa,
1122 1843 1288 1890 inquam,
1321 1853 1368 1880 ne
1400 1844 1629 1892 delinquam,

1049 1900 1114 1937 Me
1145 1905 1342 1937 conservet
1373 1900 1508 1949 gratia,

991 1958 1072 2004 Qua
1104 1957 1266 2004 replevit
1297 1960 1346 2003 te,
1377 1957 1440 2004 qui
1470 1955 1575 1995 flevit

1051 2015 1157 2052 Inter
1187 2018 1251 2051 tua
1283 2013 1452 2052 brachia.

996 2116 1109 2155 Orbis
1141 2120 1268 2155 rector
1299 2120 1335 2153 et
1366 2120 1562 2162 protector

1048 2174 1189 2210 Noster
1221 2173 1525 2222 clementissime,

992 2230 1071 2268 Nos
1102 2230 1236 2278 invise,
1270 2234 1308 2266 ut
1341 2230 1456 2266 elisae

1049 2286 1327 2325 Convalescant
1360 2287 1519 2327 animae,

992 2383 1138 2420 Lumen
1170 2394 1307 2430 sparge
1337 2387 1424 2420 tuae
1455 2383 1587 2433 largae

1049 2440 1172 2486 Super
1201 2451 1268 2477 nos
1302 2439 1536 2485 clementiae,

991 2497 1120 2544 Atque
1150 2498 1304 2534 maestis
1337 2497 1385 2534 da
1418 2496 1592 2534 caelestis

1049 2553 1225 2591 Solamen
1255 2553 1436 2591 laetitiae.

995 2650 1068 2687 Dei
1098 2649 1166 2698 fili,
1199 2661 1243 2687 ex
1276 2650 1405 2687 hostili

1052 2707 1170 2745 Serva
1200 2717 1260 2743 me
1292 2705 1454 2754 fallacia,

993 2763 1065 2809 Da,
1098 2769 1139 2800 ut
1170 2763 1256 2800 fiam
1288 2773 1357 2810 per
1388 2762 1551 2799 Mariam

1051 2820 1131 2857 Tua
1165 2820 1299 2866 dignus
1329 2819 1464 2866 gratia.
