1785 3111
696 54 1009 94 —587—

162 164 262 197 Nach
288 166 358 199 Str.
383 163 404 198 2
429 165 585 198 schalten
613 167 669 198 (lie
695 167 1103 200 Zisterzienserbreviere
1130 168 1196 200 DK
1222 168 1298 201 ein:

66 234 149 274 Ipse
173 233 328 272 verbum,
353 244 422 275 quo
447 235 581 266 creavit
891 236 919 267 O
948 235 1144 267 mirandum
1170 238 1437 273 sacramentum,

114 277 231 320 Alpha
256 282 380 311 cuncta
405 280 577 321 primitus,
936 281 1042 319 Idem,
1067 281 1205 323 quando
1231 281 1397 319 nascitur,

68 323 145 355 Ens
171 326 354 367 antiquum
380 326 579 356 incarnavit
892 328 936 359 Se
961 326 1105 358 daturus
1131 326 1334 358 alimentum

114 369 293 402 Innovans
319 370 519 412 paraclitus,
937 373 978 403 In
1003 382 1194 413 praesaepe
1218 372 1369 413 ponitur,

71 414 168 445 Hinc
191 425 255 447 nos
281 426 344 447 suo
369 425 473 448 carne
498 417 597 458 pavit
892 418 1029 449 Novum
1055 417 1206 449 condens
1232 419 1488 453 testamentum,

116 461 212 492 Deus
236 460 340 493 homo
365 458 515 503 genitus.
939 464 1030 494 Dum
1056 460 1156 504 [Cum
1184 459 1228 504 K]
1255 462 1385 504 pascha
1412 461 1588 493 recolitur.

72 528 202 560 Hinter
227 527 294 560 Str.
319 526 340 560 2
365 529 505 561 Divisio
531 531 608 565 DK,
643 549 686 551 —
711 528 747 567 3,
781 528 802 563 3
827 531 915 573 legis
943 530 1042 572 plene
1067 530 1114 561 M.
1140 547 1173 551 —-
1208 528 1246 566 4,
1282 527 1302 560 2
1328 530 1480 561 Verbum
1506 539 1645 560 carnem

70 573 142 605 CE.
168 591 198 595 —
236 572 277 612 4,
308 571 329 606 3
355 573 485 606 Christi
512 577 654 617 sanguis
680 576 721 608 E.
748 594 792 598 -—
817 575 856 615 5,
893 575 908 607 1
934 576 1088 607 Tandem
1115 586 1195 616 ergo
1222 576 1269 609 A:
1305 574 1471 606 Sanctum
1497 585 1578 616 ergo
1606 576 1643 605 C.

71 636 115 640 —
140 617 179 657 5,
211 617 232 651 2
256 620 471 652 Veneremur
495 622 641 662 pretiosi
666 623 708 653 N.
735 640 777 643 —
804 621 840 657 5,
879 620 900 654 3
924 622 971 653 Et
997 622 1132 662 antiqui
1158 621 1204 652 M.
1229 638 1275 642 —
1298 618 1338 659 6,
1373 618 1393 651 5
1418 620 1645 652 Procedentis

71 663 113 695 A.
138 682 182 686 —
207 662 239 703 6,
265 663 285 697 6
312 666 455 707 Semper
480 667 526 697 sit
551 666 657 698 CHK.

165 711 237 742 Das
262 711 363 742 Brev.
391 721 452 743 ms.
478 712 763 744 Praedicatorum
797 723 886 744 saec.
915 711 966 744 13.
994 723 1046 743 ex.
1096 711 1179 743 Cod.
1206 711 1387 742 Barberin.
1415 711 1465 741 XI
1490 707 1544 741 43.
1572 714 1644 742 ent-

69 754 148 786 halt
171 755 233 787 das
252 755 412 788 Officium
430 757 595 798 Corporis
614 758 745 790 Christi
770 759 1028 799 nachgetragen
1054 758 1115 788 mit
1145 756 1205 788 der
1224 755 1462 796 Bemerkung:
1495 756 1645 796 „Incipit

68 799 224 832 officium
249 802 291 833 de
316 812 460 844 corpore
487 803 618 835 Christi
644 803 774 835 editum
800 814 819 835 a
845 804 985 835 fratre
1011 803 1174 834 Thoma
1200 802 1249 833 de
1276 801 1475 843 Aquino,
1512 801 1645 832 ordinis

71 846 215 878 fratrum
240 846 559 880 Praedicatorum“.
614 849 686 880 Das
712 849 857 881 Brevier
890 848 1024 880 entliiilt
1056 849 1185 879 bereits
1219 847 1281 878 das
1308 845 1469 879 Officium
1505 846 1565 877 des
1597 846 1645 878 hl.

70 892 293 933 Dominikus,
318 893 380 925 das
406 894 521 936 spater
545 894 802 936 nachgetragen
828 896 884 926 ist.

384 1050 466 1086 387.
503 1050 562 1093 (3.)
596 1050 642 1086 In
667 1050 914 1086 Festivitate
941 1050 1134 1095 Corporis
1162 1049 1330 1086 Christi.

707 1121 760 1153 Ad
784 1122 1012 1153 Nocturnum.

349 1219 384 1259 1.
433 1218 560 1256 Sacris
591 1219 799 1257 sollemniis
830 1220 958 1256 iuncta
990 1219 1064 1256 sint
1095 1219 1247 1267 gaudia,

431 1275 483 1313 Et
514 1286 559 1313 ex
590 1276 826 1323 praecordiis
857 1279 990 1313 sonent
1021 1276 1238 1325 praeconia,

432 1332 628 1370 Recedant
658 1338 800 1379 vetera,
834 1344 932 1370 nova
963 1333 1037 1369 sint
1069 1333 1207 1377 omnia,

608 1390 747 1437 Corda,
780 1400 891 1426 voces
923 1394 959 1426 et.
990 1400 1118 1436 opera.

347 1500 383 1536 2.
430 1497 563 1535 Noctis
594 1498 775 1535 recolitur
805 1508 898 1535 cena
928 1498 1145 1546 novissima,

428 1555 509 1601 Qua
538 1555 712 1594 Christus
744 1554 913 1592 creditur
943 1566 1077 1602 agnum
1110 1559 1146 1591 et
1178 1555 1298 1592 azima

431 1611 593 1649 Dedisse
624 1611 807 1649 fratribus
838 1612 944 1648 iuxta
975 1612 1144 1658 legitima

606 1669 749 1707 Priscis
779 1668 926 1705 indulta
958 1669 1145 1717 patribus

345 1777 382 1814 3.
430 1777 520 1814 Post
551 1788 685 1824 agnum
715 1776 887 1825 typicum
919 1777 1081 1823 expletis
1113 1777 1234 1823 epulis

431 1833 577 1881 Corpus
611 1833 837 1871 dominicum
872 1833 985 1871 datur
1016 1833 1213 1880 discipulis

431 1889 494 1927 Sic
524 1894 643 1928 totum
675 1890 860 1931 omnibus,
894 1890 994 1937 quod
1026 1895 1144 1928 totum
1177 1891 1334 1939 singulis

606 1948 700 1985 Eius
732 1946 896 1984 fatemur
926 1947 1112 1987 manibus,

346 2057 384 2093 4.
429 2054 547 2092 Dedit
578 2053 778 2103 fragilibus
810 2056 981 2102 corporis
1014 2054 1214 2097 ferculum,

428 2111 548 2149 Dedit
579 2115 615 2149 et
645 2111 819 2149 tristibus
850 2112 1042 2159 sanguinis
1075 2112 1263 2158 poculum,

428 2168 590 2207 Dicens:
623 2169 796 2216 accipite,
830 2169 930 2215 quod
961 2169 1087 2215 trado,
1120 2168 1329 2215 vasculum,

603 2226 742 2263 Omnes
774 2236 819 2262 ex
852 2236 894 2262 eo
924 2225 1056 2263 bibite.

346 2336 382 2371 5.
426 2333 491 2371 Sic
521 2331 748 2369 sacrificium
780 2332 883 2368 istud
915 2331 1093 2382 instituit,

431 2389 545 2427 Cuius
576 2387 748 2425 officium
781 2388 965 2425 committi
997 2389 1116 2425 voluit

429 2445 529 2482 Solis
560 2445 809 2492 presbyteris,
841 2444 976 2491 quibus
1007 2445 1063 2482 sic
1096 2446 1282 2493 congruit,

607 2501 657 2540 Ut
691 2505 839 2539 sumant
872 2506 908 2538 et
941 2502 1031 2539 dent
1064 2503 1214 2542 ceteris,

345 2611 382 2648 6.
429 2609 542 2646 Panis
574 2609 767 2656 angelicus
799 2608 841 2646 fit
872 2610 980 2656 panis
1011 2610 1218 2658 hominum,

428 2665 503 2703 Dat
534 2666 644 2713 panis
677 2666 838 2702 caelicus
869 2665 999 2714 figuris
1030 2669 1254 2712 terminum,

427 2723 457 2760 Ο
491 2733 551 2760 res
582 2722 790 2760 mirabilis!
823 2723 1033 2761 Manducat
1064 2724 1266 2761 Dominum

604 2779 742 2817 Servus
773 2790 919 2826 pauper
950 2784 986 2817 et
1017 2780 1182 2819 humilis.
