1785 3111
696 44 1006 85 -385—

100 160 137 197 9.
184 158 303 205 Quam
333 158 512 196 virtutem
543 162 581 194 et.
611 158 771 195 salutem
888 160 951 198 11.

235 215 379 253 Mentis
410 225 500 252 suae
530 214 677 261 puritas

178 271 241 309 Illi
273 272 392 322 dedit,
425 271 524 309 sicut
555 271 677 308 credit

237 328 377 366 Sensus
407 328 527 365 nostri
558 328 740 375 parvitas,

181 386 304 424 Causa
334 385 462 432 pravis
494 385 560 421 leti
591 385 716 433 gravis

237 441 400 479 Exstitit
430 441 658 488 malignitas.

67 521 132 560 10.
178 520 278 557 Vera
308 519 384 557 fide
414 520 626 557 homicidae
886 523 948 562 12.

236 576 470 625 strangulati
501 582 674 624 pereunt,

175 633 235 671 Ibi
266 634 373 670 stulti
403 638 491 671 sunt
521 634 659 681 sepulti

234 690 315 727 Nec
345 691 395 728 ad
425 701 493 728 sua
523 691 684 728 redeunt

177 746 239 785 Sic
269 747 413 794 iniusti,
446 747 514 785 sed
542 758 628 784 mox
658 749 748 785 iusti

232 803 291 841 De
320 804 501 851 spelunca
533 809 682 844 exeunt.

998 159 1108 198 Unde
1139 170 1230 207 rogo
1261 164 1298 196 te
1329 164 1367 197 et
1398 168 1501 210 cogo,

1057 217 1188 253 Nostri
1219 217 1340 254 lector
1371 216 1497 263 epodi,

999 274 1105 319 Sero,
1138 284 1247 310 mane
1277 284 1423 311 mecum
1455 283 1548 311 cane

1053 330 1282 367 Monachum
1314 330 1540 378 huiusmodi,

998 386 1260 424 Retractemus
1293 391 1329 424 et
1360 398 1555 424 narremus

1055 443 1118 480 Sui
1150 448 1296 481 textum
1329 444 1457 483 exodi.

997 522 1119 569 Digno
1152 523 1263 559 laude
1296 523 1375 559 viro
1407 523 1559 569 plaude,

1052 579 1203 616 Mecum
1236 579 1306 616 ede
1337 579 1537 627 canticum,

998 635 1124 672 Verba
1154 636 1282 681 misce,
1316 646 1459 673 mecum
1493 636 1603 673 disce.

1051 692 1212 729 Carmen
1235 693 1338 730 istud
1359 693 1633 742 rhythmicum,

998 748 1136 795 Lyram
1167 753 1296 797 tange,
1329 760 1475 785 mecum
1506 760 1632 796 pange

1050 805 1173 842 Melos
1205 806 1488 853 panegyricum.

394 884 458 924 13.
505 885 622 921 Aetas
655 882 832 931 frequens
866 888 903 921 et
933 884 1042 931 plebs
1073 896 1245 932 sequens,

565 940 742 978 Universi
774 942 919 988 posteri

504 997 617 1035 Docti
647 996 752 1044 fiant,
785 998 902 1035 vitam
932 998 1054 1035 sciant

561 1054 682 1091 Huius
714 1056 833 1092 nostri
866 1057 988 1101 pueri,

507 1111 604 1148 Nam
637 1111 819 1158 benignus
850 1116 906 1148 est
940 1117 977 1148 et
1010 1113 1144 1159 dignus

560 1168 682 1205 Menti
712 1179 831 1215 purae
862 1170 994 1206 inseri.

150 1268 293 1300 Collect.
322 1279 385 1299 ms.
410 1268 625 1311 Tegurinum
651 1279 741 1301 saec.
769 1267 821 1300 12.
872 1270 958 1302 Chn.
983 1271 1166 1302 Monacen.
1195 1268 1322 1302 18580.
1349 1270 1389 1301 A.
1415 1288 1458 1291 —
1483 1271 1627 1303 Collect.

60 1324 123 1345 ms.
156 1313 317 1346 Roffense
348 1323 438 1345 saec.
475 1313 524 1346 15.
574 1314 657 1347 Cod.
692 1316 864 1347 Oxonien.
896 1316 1006 1347 Laud.
1039 1316 1187 1347 Miscell.
1221 1314 1274 1348 40.
1314 1318 1351 1348 B.
1376 1334 1420 1339 —
1444 1315 1480 1356 4,
1515 1316 1536 1348 4
1569 1318 1627 1349 lue

58 1359 191 1391 decaris
217 1360 256 1391 A.
281 1356 326 1380 '—
350 1357 389 1399 4,
415 1357 436 1390 5
459 1360 578 1401 Ipsum
605 1362 658 1392 eio
684 1361 724 1391 A.
750 1379 794 1381 —
821 1360 861 1392 In
888 1362 914 1392 B
940 1363 985 1392 ist
1010 1361 1071 1392 das
1096 1362 1184 1393 Lied
1210 1372 1247 1393 so
1274 1362 1516 1402 abweichend,
1550 1363 1626 1395 dass

59 1415 95 1436 es
123 1405 307 1447 angezeigt
331 1405 387 1445 ist,
415 1407 536 1437 seinen
560 1406 677 1437 vollen
702 1406 791 1437 Text
816 1406 892 1437 hier
918 1407 1034 1449 folgen
1059 1418 1101 1438 zu
1127 1408 1261 1438 lassen:

59 1471 87 1504 1.
127 1473 196 1505 Suo
221 1472 420 1514 rhythmum
447 1472 539 1504 hunc
564 1477 597 1504 et
621 1473 786 1514 hymnum

170 1518 380 1550 Dedicemus
405 1519 550 1556 nomini,

125 1563 178 1595 Ad
203 1564 369 1595 honorem
395 1567 429 1595 et
453 1573 606 1595 amorem

171 1608 301 1641 Christi
325 1611 442 1640 tamen
467 1610 620 1641 Domini.

874 1472 905 1504 4.
943 1474 1009 1505 Dei
1035 1474 1174 1512 donum,
1203 1475 1297 1516 quod
1322 1475 1461 1506 leonum

990 1520 1090 1551 Dono
1117 1530 1236 1562 sospes
1263 1522 1408 1558 viveret,

944 1565 1030 1596 Cum
1055 1566 1190 1597 saevire
1217 1570 1251 1597 et
1277 1568 1388 1607 perire

992 1610 1080 1642 Suos
1106 1611 1223 1642 hostes
1250 1611 1390 1643 viderit.

875 1677 905 1709 3.
943 1678 1054 1717 Quam
1080 1680 1245 1711 virtutem
1272 1684 1306 1711 et
1332 1680 1479 1712 salutem

988 1725 1117 1756 Mentis
1143 1725 1239 1756 dedit
1265 1727 1408 1765 puritas,

942 1771 1090 1801 Mortem
1116 1770 1237 1809 hostis,
1266 1771 1357 1802 sicut
1378 1772 1501 1810 nostis,

990 1816 1061 1847 Sua
1086 1816 1145 1847 dat
1170 1818 1351 1858 iniquitas.

56 1674 87 1708 2.
123 1677 190 1709 Per
215 1687 316 1718 quem
337 1680 444 1717 tanta,
472 1678 596 1719 scripsi
623 1681 763 1719 quanta,

168 1722 327 1754 Malchus
352 1724 422 1765 egit
446 1722 592 1762 fortiter,

124 1768 183 1800 Illi
207 1768 309 1799 detur
334 1771 368 1800 et
392 1771 551 1800 cantetur

168 1814 264 1845 Laus
289 1817 323 1845 et
348 1814 459 1845 honor
483 1814 622 1855 pariter.

57 1878 87 1912 3.
125 1882 221 1924 Ergo
246 1882 307 1913 ille
334 1886 474 1913 sanctus
500 1882 596 1914 mille

173 1927 311 1959 Sanctis
336 1928 427 1958 vixit
452 1929 619 1966 sanctius,

123 1973 189 2005 Cui
214 1973 307 2005 bona
330 1974 421 2004 inter
444 1972 534 2004 dona

170 2019 282 2050 Datur
307 2018 373 2050 hoc
398 2018 570 2050 excelsius

877 1881 908 1915 6.
946 1884 1047 1916 Unde
1073 1894 1156 1926 rogo
1182 1889 1215 1916 te
1242 1890 1275 1916 et
1300 1895 1396 1926 cogo,

992 1930 1111 1962 Nostri
1136 1930 1245 1962 lector
1271 1931 1384 1972 epodi,

948 1975 1043 2011 Sero,
1070 1985 1169 2007 mane
1195 1986 1327 2007 mecum
1354 1986 1439 2008 cane

990 2021 1200 2052 Monachum
1227 2021 1436 2053 huiusmodi.

486 2086 515 2119 7.
551 2089 670 2130 Digna
693 2088 797 2120 laude
823 2100 959 2121 mecum
986 2090 1122 2131 plaude,

597 2134 734 2166 Mecum
762 2134 823 2166 ede
850 2137 1036 2174 canticum,

554 2179 657 2210 Illum
683 2179 799 2214 laudo,
825 2180 879 2211 illi
905 2181 1034 2222 plaudo

599 2224 745 2257 Carmen
772 2225 875 2256 edens
904 2225 1147 2267 rhythmicum.

434 2380 515 2416 22¹6.
551 2380 631 2423 (lODl
666 2381 723 2415 De
750 2382 849 2424 quot
876 2381 974 2425 quot
1001 2382 1041 2416 et
1067 2383 1131 2417 tot
1157 2384 1237 2418 tot.

57 2486 93 2524 1.
134 2486 231 2533 Quot
251 2491 337 2523 sunt
359 2486 474 2523 horae
497 2492 533 2522 et
550 2492 639 2533 quot
655 2497 796 2536 morae,
868 2489 905 2526 2.
953 2492 1048 2533 Quot
1065 2494 1152 2525 sunt
1168 2494 1314 2526 montes
1331 2494 1367 2527 et
1389 2495 1477 2537 quot
1491 2489 1615 2528 fontes

193 2544 290 2589 Quot
321 2554 503 2580 annorum
535 2544 670 2592 spatia,

137 2598 234 2644 Quot
245 2600 470 2637 suntlaudes
482 2605 518 2636 et
528 2605 618 2647 quot
628 2601 794 2647 fraudes,

195 2656 294 2702 Quot
323 2656 362 2693 in
394 2657 508 2694 caelis
539 2657 689 2704 gaudia,

137 2712 234 2758 Quot
263 2718 351 2750 sunt
380 2713 482 2750 visus
514 2718 550 2750 et
571 2718 661 2760 quot
682 2714 794 2761 risus,

191 2768 288 2814 Quot
317 2769 483 2806 virorum
514 2771 661 2816 studia3

120 2837 143 2862 D
152 2844 168 2861 r
176 2844 192 2862 e
201 2845 220 2861 v
229 2845 244 2862 e
254 2844 268 2862 S
278 2859 284 2870 ‚
310 2837 515 2864 Lateinische
536 2839 823 2872 Hymnendichter.
863 2839 906 2865 ΙΙ.

1009 2545 1059 2581 Et
1090 2551 1179 2592 quot
1212 2547 1316 2593 ignes
1348 2547 1527 2593 aetheris,

953 2606 1050 2647 Quot
1081 2607 1167 2639 sunt
1198 2614 1289 2650 apes
1322 2608 1359 2640 et
1380 2609 1469 2650 quot
1492 2605 1609 2651 dapes

1008 2659 1058 2695 Et
1090 2663 1181 2705 quot
1208 2671 1296 2697 aves
1327 2660 1439 2704 aeris,

953 2716 1050 2761 Quot
1071 2720 1156 2753 sunt
1178 2720 1300 2754 metus
1323 2721 1359 2753 et
1381 2720 1469 2763 quot
1486 2715 1609 2765 fletus,

1008 2773 1104 2818 Quot
1135 2773 1284 2810 labores
1316 2772 1462 2810 miseris
1477 2788 1485 2821 ς

1369 2838 1410 2869 25
