1785 3111
882 76 898 85 ..α

764 77 1075 116 —054—

136 188 188 228 13,
215 187 305 221 *2Ex
330 189 451 220 multis
477 189 669 220 virtutibus
686 190 725 220 B.
752 206 793 211 —
822 187 872 226 14,
899 186 919 219 2
944 189 1072 220 donum
1098 189 1209 220 virtus
1227 188 1296 219 BC.
1322 205 1366 208 —
1393 185 1445 226 14,
1470 186 1491 219 4
1514 189 1708 229 vniumque

134 237 170 267 B.
198 252 241 256 —-
268 232 326 272 14,
361 232 381 265 5
407 234 579 276 disposito
606 234 649 272 C,
684 234 819 266 Habita
846 234 1031 276 dispositio
1057 235 1097 265 B.
1124 251 1163 254 —
1193 231 1252 271 14,
1283 231 1304 264 6
1329 234 1380 264 sic
1405 243 1441 265 se
1468 234 1504 265 C.
1532 249 1573 254 —
1602 231 1661 272 14,
1687 231 1706 264 7

133 281 254 311 Virtus
273 281 311 310 B.
337 296 379 300 —
408 277 459 319 15,
490 278 505 310 1
532 281 721 311 suscitatur
739 280 775 312 C.
802 297 845 302 —-
874 278 924 317 15,
951 277 971 310 2
997 280 1122 311 crescit
1146 279 1305 311 rediviva
1323 279 1391 310 BC.
1410 295 1463 314 -,
1481 276 1532 316 15,
1557 276 1708 309 4virtus

132 330 170 356 ut
195 326 297 356 oviva
323 325 370 364 B3
410 326 532 357 matris
559 329 596 356 ut
622 325 717 356 oliva
743 325 780 357 C.
806 343 849 346 -
877 323 935 365 15,
961 322 981 356 8
1007 325 1166 356 rediviva
1188 325 1226 355 A.
1256 342 1290 345 -—
1325 322 1383 362 16,
1409 321 1430 355 3
1455 323 1642 356 consiliens
1670 325 1706 355 Β.

132 387 175 391 —-
204 367 260 408 16,
296 369 316 402 6
348 370 489 411 plantae
524 374 707 402 venustate
733 370 771 402 C.
796 388 840 392 —
874 368 933 408 16,
968 368 987 401 7
1014 370 1131 402 radice
1156 371 1195 401 A.
1222 388 1265 392 —
1293 367 1350 406 17,
1387 367 1408 400 2
1432 369 1553 400 Virtus
1583 370 1707 400 florum

136 416 173 447 C.
198 434 243 438 ——
272 413 330 454 17,
364 414 383 446 7
409 416 457 447 Et
480 416 551 447 AB.
578 433 620 437 -
649 413 708 454 18,
745 415 759 447 1
788 416 875 447 ferat
901 415 944 455 C3
977 416 1163 447 Platonica
1188 416 1226 446 B.
1252 432 1294 436 ——
1324 412 1382 453 18,
1416 412 1438 445 4
1462 414 1708 446 discretionem

133 462 170 492 B.
200 478 243 481 —
270 459 322 498 19,
353 459 373 492 5
400 472 449 503 sq.
475 461 546 492 und
572 460 591 493 6
618 472 667 503 sq.
694 461 893 503 umgestellt
917 462 956 492 B.
982 478 1025 482 —-
1053 459 1105 499 19,
1132 459 1151 491 7
1177 460 1296 492 adulto
1322 460 1363 492 A.
1390 477 1432 481 ——
1460 458 1511 498 19,
1537 458 1558 491 5
1582 460 1708 492 flamen

132 506 170 537 B.
196 523 238 526 —
267 504 325 539 19,
354 505 374 539 6
398 517 505 548 parvo
533 508 704 538 enutritur
730 507 767 539 C.
791 525 836 527 —
862 504 920 545 20,
945 504 967 537 4
992 507 1117 538 crescit
1141 507 1180 537 B.
1207 524 1248 528 —-
1275 503 1328 543 20,
1355 504 1375 537 5
1397 506 1494 537 Haec
1520 507 1556 537 in
1582 506 1707 537 mentis

132 551 179 591 B,
206 552 276 583 Hic
302 555 340 582 ut
365 552 401 584 C.
428 569 470 573 —-
496 550 549 589 20,
576 551 595 583 6
621 552 717 594 pullo
744 552 781 583 fit
806 553 933 583 matrix
958 553 998 583 B.
1024 569 1066 574 —
1092 549 1148 590 20,
1174 550 1193 582 7
1218 550 1299 582 hinc
1324 552 1369 591 133
1396 551 1454 582 hic
1471 551 1508 584 C.
1537 568 1580 572 —
1606 548 1660 589 21,
1690 548 1706 581 1

132 596 258 638 logicis
287 597 357 628 ΑΒ.
383 614 426 618 ——
452 595 507 635 21,
532 596 553 629 2
577 599 652 628 veri
678 598 715 629 C.
742 616 784 619 —
810 595 863 637 21,
890 596 911 628 4
936 608 1050 629 rerum
1077 597 1263 629 deductiva
1286 597 1322 628 C.
1349 615 1391 619 -—
1417 594 1472 635 22,
1498 594 1518 628 2
1544 596 1707 638 speculae

132 644 169 674 B.
195 659 239 663 —
269 640 322 680 22,
349 640 368 674 6
394 653 493 674 meae
519 644 687 674 novitatis
706 644 777 675 AB.
804 660 847 664 —
873 640 926 681 22,
954 642 973 674 7
991 643 1039 674 Et
1063 643 1120 674 vel
1145 644 1235 674 imus
1260 645 1380 683 pateat
1399 643 1438 673 Β.
1456 659 1494 664 -
1519 641 1708 683 „Sequitur

132 688 264 729 primus
290 687 472 729 rhythmus
504 689 721 720 Iohannis
743 689 927 730 Anglici
954 690 990 719 in
1015 691 1166 720 tractatu
1192 688 1233 718 dc
1260 687 1431 728 rhythmis
1456 698 1518 729 pro
1544 687 1706 728 exemplo

131 733 322 765 domestico
348 734 390 766 de
416 735 588 776 principio
610 735 838 775 magistrali.·⁴
888 735 927 765 B.
953 752 997 755 —
1024 734 1100 776 Vgl.
1126 732 1283 765 Zarncke
1309 743 1339 764 a.
1367 743 1396 764 a.
1423 734 1463 765 O.
1490 734 1524 766 S.
1552 730 1595 764 62
1621 732 1654 763 ff.

304 856 382 890 378.
418 857 476 898 (7.)
499 857 557 891 De
586 856 769 892 Licentia
793 857 1018 891 Puerorum
1045 856 1157 891 circa
1183 855 1328 891 Natale
1354 855 1535 905 Domini.

133 940 169 978 1.
216 938 325 976 Ludo
356 944 510 985 praeter
541 940 692 976 solitum
959 943 996 978 5.
1044 939 1214 976 Naturae
1247 939 1437 976 ditaverat

275 1000 309 1031 et
342 996 509 1033 ludendo
542 997 652 1044 salto,
1101 996 1257 1043 largitas
1290 996 1497 1044 doctorem,

217 1052 395 1101 Applico‚
430 1053 493 1099 qui
525 1051 670 1089 fueram
1043 1053 1148 1090 Dans
1179 1053 1235 1089 illi
1269 1052 1483 1089 dulcedinis

272 1107 457 1146 fluctuans
489 1109 527 1146 in
559 1109 648 1157 alto,
1100 1109 1257 1146 melicae
1289 1119 1479 1159 canorem,

215 1165 329 1212 Regis
361 1166 535 1204 natalitia
1045 1166 1282 1213 Singularem
1314 1165 1474 1202 contulit

273 1223 448 1259 caelestis
481 1222 619 1271 exalto,
1099 1221 1269 1259 florentis
1301 1222 1480 1260 honorem

215 1278 295 1315 Iam
329 1290 426 1316 nova
458 1280 659 1325 progenies
1043 1279 1128 1317 Oris
1160 1284 1196 1315 et
1227 1279 1264 1315 in
1296 1279 1406 1316 niveo

273 1336 378 1373 caelo
412 1336 625 1373 demittitur
654 1336 744 1376 alto,
1099 1336 1258 1373 mixtum
1290 1336 1456 1373 candore
1486 1334 1676 1375 ruborem,

131 1428 167 1464 2,
218 1425 390 1463 Carceris
423 1427 573 1463 excutio
956 1429 993 1465 6.
1042 1426 1151 1473 Sapit
1181 1426 1348 1473 linguam
1381 1426 1496 1463 Tullii

275 1488 426 1520 catenas
459 1494 504 1520 ex
538 1484 647 1529 collo,
1097 1494 1170 1520 vox
1200 1483 1276 1520 oris
1309 1481 1476 1530 facundi,

218 1540 309 1577 Cum
341 1539 477 1586 plausu
509 1540 735 1588 repatrians,
917 1526 936 1544 ⁸
1042 1541 1203 1578 Fontem
1235 1540 1527 1587 pigmentarium

272 1598 371 1643 quod
405 1601 461 1633 est
492 1608 626 1647 meum,
660 1598 764 1644 tollo,
1098 1597 1263 1643 pectoris
1295 1595 1490 1643 profundi,

216 1654 290 1690 Per
316 1664 431 1699 ,quem
463 1654 588 1698 iugum
622 1654 781 1703 tollitur,
1039 1653 1263 1690 Doctrinale
1294 1653 1503 1690 balsamum

275 1710 474 1746 Dominum
509 1711 662 1760 extollo,
1099 1710 1282 1746 sermonis
1315 1709 1469 1747 iucundi

217 1767 342 1813 Casta,
376 1765 473 1815 fave,
508 1767 664 1813 Lucina,
697 1772 782 1804 tuus
1041 1767 1228 1813 Dictaque
1259 1767 1462 1803 mirantum

272 1823 347 1859 iam
379 1828 511 1869 regnat
542 1824 696 1870 Apollo,
1096 1824 1223 1871 magni
1253 1823 1464 1872 primordia
1496 1823 1641 1862 mundi.

131 1915 168 1951 3.
217 1913 421 1950 Doctorem
452 1914 693 1951 laudabimus
958 1916 992 1954 7.
1042 1914 1203 1952 Ratione
1236 1914 1357 1962 logica

271 1980 354 2006 eum
390 1970 662 2018 describentes,
1098 1971 1260 2007 destruit
1292 1981 1452 2018 errores,

218 2032 336 2073 Quem
369 2026 569 2074 benignum
603 2027 787 2064 sensimus
1041 2028 1084 2064 In
1116 2031 1198 2064 arte
1229 2032 1434 2075 syntaxeos

273 2094 388 2130 saepe
421 2084 696 2130 delinquentes,
1100 2089 1254 2130 superat
1285 2084 1458 2130 maiores,

217 2140 342 2186 Saepe
374 2151 441 2177 nos
473 2141 690 2177 adduxerat
1040 2139 1182 2187 Dirigit
1213 2141 1410 2185 erraticos,

271 2208 397 2234 secum
430 2198 679 2242 colludentes,
1098 2197 1251 2233 instruit
1283 2197 1459 2243 minores,

217 2254 339 2300 Saepe
372 2252 491 2291 refert
522 2254 669 2291 animus
1040 2254 1114 2290 Hic
1145 2253 1244 2290 canit
1278 2258 1468 2290 errantem

268 2311 370 2347 lusus
402 2311 589 2358 gravitate
622 2316 812 2349 carentes.
1097 2311 1222 2348 lunam
1255 2311 1419 2356 solisque
1450 2310 1613 2348 labores.

128 2403 165 2440 4.
214 2400 289 2437 Sua
322 2401 605 2446 pulchritudine
955 2401 991 2439 S.
1039 2402 1185 2449 Curego
1218 2401 1467 2448 nequissimus

270 2464 426 2503 superat
458 2457 603 2506 affines,
1097 2459 1235 2494 Verres
1268 2463 1376 2503 paret
1408 2458 1520 2507 verri,

212 2513 432 2551 Gallicanos
465 2514 631 2560 undique
1042 2515 1155 2560 Optet
1187 2519 1226 2550 ut
1258 2514 1297 2550 in
1329 2515 1523 2552 Socratem

270 2571 521 2616 perscruteris
554 2570 660 2618 fines,
974 2617 983 2623 μ
1095 2572 1244 2617 Anytos
1278 2569 1420 2607 deferri

211 2627 308 2663 Eum
343 2625 444 2663 ferre
476 2627 656 2673 lauream⁷
1037 2628 1116 2664 Aut
1146 2631 1187 2663 ut
1217 2627 1323 2664 Nero
1356 2628 1538 2665 Senecam

270 2683 361 2720 velis
394 2683 453 2720 vel
485 2694 570 2731 non,
605 2684 705 2720 sines
1094 2682 1208 2720 faciat
1241 2682 1393 2727 offerri;

211 2739 267 2777 Ob
303 2740 440 2786 digitos
472 2740 622 2776 Baccho
1034 2741 1124 2787 Quis
1157 2738 1275 2785 furor,
1308 2750 1329 2775 o
1359 2740 1472 2780 cives,

268 2797 399 2843 dignos
444 2801 481 2833 et
515 2797 696 2842 Apolline
740 2796 876 2834 crines.
1092 2807 1187 2843 quae
1218 2800 1325 2834 tanta
1355 2796 1509 2833 licentia
1538 2794 1661 2833 ferri?
