1785 3111
763 77 1072 117 —182—

343 191 427 227 Heu
458 191 582 239 miser,
618 190 688 227 heu
721 191 886 240 demens,
916 191 979 227 ubi
1011 202 1110 229 nunc
1139 195 1204 228 tua
1235 191 1311 228 vita
1340 191 1498 238 periret,

240 249 291 285 20
394 249 540 293 Quosve
573 247 683 284 dares
715 248 873 294 gemitus
904 252 1026 284 tortus
1057 248 1095 284 in
1127 248 1213 294 igne
1245 248 1339 295 dire,

344 303 392 340 Ni
422 304 525 340 Deus
555 303 760 341 immensae
790 304 982 350 bonitatis,
1015 314 1127 341 verus
1159 308 1305 341 amator

397 360 594 396 Humanae
624 359 777 409 formae,
811 361 1021 397 retraheret
1049 357 1255 397 miserans!

341 417 403 453 Fit
434 427 592 464 quoque,
625 418 724 463 quod
759 418 898 454 dudum
930 418 1128 463 psalmista
1158 422 1216 454 ast
1248 427 1338 454 voce
1374 416 1547 464 canebat,

399 473 490 509 Cum
522 474 665 520 stupuit
696 474 836 510 mirans
869 474 967 511 dona
998 485 1162 520 superna
1192 474 1284 510 Dei:

237 532 286 567 25
337 528 386 566 Ni
418 527 516 565 foret
547 530 700 567 adiutor
730 531 925 578 Dominus,
957 531 1030 566 iam
1062 529 1233 566 infernus
1264 530 1421 566 haberet

397 585 550 623 Sontem
581 591 669 623 trux
700 588 862 624 animam
894 591 930 623 et
962 587 1148 623 cruciaret
1182 597 1276 625 eam.

343 642 463 690 Nunc,
495 642 598 679 Deus
629 644 740 691 alme,
773 649 876 680 tuum
909 642 1088 680 famulum
1121 644 1263 690 pietate
1297 647 1402 680 sueta.

399 699 629 736 Conversum
661 701 798 747 recipe,
833 711 941 747 quem
975 701 1082 737 dolor
1113 700 1316 737 excruciat.

341 755 439 793 Sana
472 757 689 804 contritum,
723 756 873 794 flentem
905 757 1077 794 solabere
1108 761 1304 803 maestum,

237 813 288 850 30
391 812 608 862 Indulgens,
642 824 793 860 quaeso,
826 814 985 850 crimina
1018 819 1151 850 cuncta
1182 818 1260 850 tuo.

341 869 398 905 Da
428 869 518 905 mihi
550 881 655 916 spem
688 871 829 919 veniae,
865 868 925 906 fac
957 871 1073 907 corda
1104 870 1309 907 maerentia
1340 869 1452 919 laeta,

397 925 639 963 Commutans
671 927 834 963 lacerum
867 927 940 963 iam
976 925 1094 964 facias
1127 927 1332 973 placidum.

340 982 472 1028 Daque
503 981 615 1019 fidem
648 984 811 1029 plenam.
846 984 894 1020 da
925 995 1043 1030 spem.
1079 984 1127 1020 da
1158 984 1292 1030 pignus
1323 983 1476 1032 amoris,

396 1039 654 1086 Mandataque
686 1045 750 1077 tua
782 1041 897 1076 corde
928 1051 1114 1087 manuque
1145 1051 1284 1086 geram.

237 1097 286 1133 35
338 1096 483 1133 Strinxi
515 1106 574 1132 me
606 1101 712 1144 voto,
747 1097 892 1142 comple
925 1097 1005 1138 hoc.
1038 1097 1122 1143 pius
1154 1097 1299 1133 arbiter
1330 1095 1456 1140 orbis,

395 1152 542 1189 Natura
573 1151 720 1199 fragilis
751 1154 851 1200 quod
884 1154 1051 1190 celerare
1079 1153 1221 1200 nequit.

339 1208 470 1255 Sitque
500 1220 594 1255 opus
625 1221 734 1246 omne
765 1216 881 1251 tuum,
914 1211 1176 1257 quodcumque
1208 1209 1391 1256 expendis
1424 1208 1591 1249 alumno,

395 1265 452 1302 Sit
482 1265 551 1302 tibi
583 1266 664 1303 laus
695 1267 765 1303 soli
797 1267 916 1313 gloria
947 1267 1070 1313 sitque
1101 1272 1176 1303 tua.

340 1322 507 1368 Cumque
539 1323 632 1359 velis
665 1323 764 1360 vitae
794 1322 905 1360 finem
938 1323 1122 1370 finemque
1151 1322 1294 1360 laboris

235 1380 285 1416 40
392 1380 603 1425 Impon‘ere.
637 1391 745 1416 servo
776 1385 865 1416 tunc
896 1380 1074 1417 miserere
1104 1384 1180 1427 tuo,

340 1435 395 1472 Ne
427 1446 604 1472 occursus
637 1447 770 1473 saevus
801 1442 948 1483 noceat⁷
982 1448 1028 1473 ne
1060 1437 1242 1474 Tartarus
1273 1434 1425 1483 ardens,

394 1492 535 1529 Missus
565 1493 633 1530 sed
664 1494 758 1529 lucis
791 1494 904 1530 ducat
936 1493 984 1530 ad
1016 1497 1120 1530 astra
1150 1492 1241 1539 poli.

338 1549 435 1585 Dum
466 1549 580 1585 iudex
613 1551 741 1586 venias
773 1551 991 1587 meritorum
1022 1551 1106 1587 iura
1136 1548 1362 1596 rependens,

398 1604 584 1643 lustifices
616 1617 763 1643 servum
797 1612 897 1654 tunc,
931 1617 1079 1653 precor,
1113 1607 1194 1652 ipse
1225 1610 1342 1649 tuum,

235 1664 294 1707 45,
336 1663 378 1698 In
413 1663 546 1698 dextra
578 1673 734 1709 ponens,
768 1674 849 1700 cum
881 1664 990 1699 iustis
1022 1663 1191 1710 praemia
1221 1661 1399 1708 reddens,

395 1718 555 1755 Cernam
593 1720 692 1766 quod
724 1720 867 1756 vultum
901 1720 994 1756 lucis
1026 1720 1064 1756 in
1094 1730 1181 1756 arce
1213 1723 1329 1755 tuum.

338 1775 404 1817 Te,
439 1775 535 1811 bone
567 1776 663 1821 Iesu,
698 1787 846 1822 precor,
879 1781 1016 1826 rector,
1049 1776 1216 1812 salvator
1247 1779 1283 1810 et
1314 1778 1458 1821 auctor,

396 1832 588 1878 Quidquid
621 1834 852 1878 protuleram
885 1833 957 1869 rite
988 1833 1176 1879 loquendo
1208 1841 1321 1878 prece
1351 1831 1425 1869 hie.

339 1887 532 1934 Suscipias
564 1889 746 1925 miserans
779 1888 959 1926 famulum
995 1890 1200 1925 clementer
1230 1892 1267 1924 et
1297 1887 1400 1933 audi,

240 1946 289 1982 50
394 1944 528 1982 Ardua
559 1946 730 1991 poscenti
763 1947 828 1982 des
860 1957 1006 1992 quoque
1037 1957 1152 1992 regna
1184 1945 1273 1992 poli.

340 2001 467 2038 Portio
499 2002 567 2038 sim
601 2002 723 2048 plebis
755 2003 888 2039 laudes
920 2009 956 2039 et
988 2004 1025 2039 in
1054 2003 1187 2039 ordine
1220 2005 1366 2038 cantem

398 2058 621 2095 Sanctorum
654 2059 847 2106 gratulans
880 2060 1027 2096 cantica
1058 2064 1166 2105 grata
1197 2058 1280 2097 tibi.

341 2113 473 2151 Gloria
506 2126 638 2161 magna
670 2116 762 2156 Deo,
798 2126 941 2162 sempe1
977 2116 1046 2152 tibi
1079 2116 1211 2162 gloria,
1245 2113 1407 2163 Christe,

394 2173 530 2221 Amen,
565 2172 603 2208 in
635 2178 829 2209 aeternum
860 2173 981 2219 gloria
1012 2184 1146 2219 magna
1178 2172 1271 2210 Deo.

226 2272 368 2303 Collect.
394 2283 456 2303 ms.
484 2273 657 2304 Fuldense
684 2284 773 2304 saec.
803 2272 853 2305 10.
904 2273 985 2305 Cod.
1012 2273 1201 2304 Eremiten.
1227 2270 1304 2304 266.
1330 2290 1372 2294 —
1394 2271 1416 2303 4
1440 2273 1542 2304 beate
1566 2271 1697 2313 korrig.

133 2317 170 2347 in
198 2319 307 2348 beata.
334 2336 376 2339 —
402 2315 446 2349 39
472 2328 537 2359 que
563 2318 658 2349 fehlt.
684 2335 727 2338 —
753 2320 934 2350 Browerus
962 2329 992 2360 p.
1021 2317 1056 2357 63
1082 2318 1263 2350 Diimmler
1288 2319 1333 2356 II,
1363 2316 1423 2349 171
1452 2328 1501 2359 sq.

616 2473 696 2509 133.
734 2474 791 2515 (2.)
826 2475 882 2509 Ad
907 2475 1032 2509 Deum
1060 2473 1219 2509 Oratio.

306 2568 334 2605 O
367 2567 468 2604 Deus
499 2572 663 2617 aeterne,
697 2569 826 2605 mundi
858 2568 1094 2605 sanctissime
1126 2571 1265 2612 rector,

306 2625 359 2660 Te
390 2634 472 2661 mea
502 2635 606 2661 mens
638 2624 754 2661 ambit
787 2625 1006 2671 animaeque
1039 2635 1081 2661 ac
1114 2624 1241 2660 vivida
1272 2623 1403 2669 virtus,

312 2681 423 2725 Laus,
457 2692 562 2717 amor
591 2685 703 2727 atque
736 2682 864 2726 decus,
897 2681 1023 2718 cordis
1054 2685 1093 2717 tu
1123 2681 1249 2717 lumen
1279 2680 1489 2728 honestum,

308 2737 564 2773 Membrorum
598 2741 741 2783 gestum
769 2742 810 2773 tu
841 2738 1055 2774 occulorum
1088 2737 1218 2774 reddis
1248 2741 1285 2772 et
1315 2747 1434 2782 usum,

239 2797 258 2830 :3
307 2793 474 2830 Auribus
506 2794 687 2839 auditum,
720 2794 891 2831 manibus
924 2805 1017 2840 opus
1048 2794 1149 2830 indis
1180 2799 1359 2831 amatum.
