1785 3111
682 56 984 98 —337—

357 174 394 210 5.
444 171 514 217 Qui
544 174 622 208 tam
653 169 838 207 formosus
870 174 906 207 et
939 171 1097 208 decorus
1129 170 1289 215 exstitit,

440 227 492 266 Ut
523 227 618 264 nibil
648 227 749 264 intra
779 228 997 274 paradisum
1030 228 1182 264 Domini

440 284 607 331 Aequari
637 289 763 330 posset
796 285 874 321 eius
905 284 1191 331 pulchritudini,

442 341 606 383 Platani,
639 340 756 385 cedri,
790 345 921 378 vertex
953 346 990 377 et
1020 341 1154 378 abietis

440 397 637 446 Fondibus
669 397 747 434 eius
779 409 853 434 non
884 397 956 434 suit
986 398 1209 444 aequabilis.

358 513 394 550 6.
442 510 708 548 Similitudinis
740 510 811 547 Dei
842 511 1075 557 signaculum

440 568 535 605 Erat
568 567 715 604 decoris
747 568 873 613 specie
904 567 1149 614 praenimius,

444 624 557 662 Cuius
589 625 626 660 in
658 628 761 660 veste
793 623 950 661 fulserat
982 624 1244 669 carbunculus,

443 681 665 728 Sapphirus,
698 681 828 726 iaspis,
861 681 1022 726 sardius,
1055 680 1325 728 chrysolithus,

441 738 683 784 Smaragdus,
715 749 827 784 onyx,
861 737 1041 784 beryllus,
1075 737 1259 784 topazius

363 855 397 892 7.
448 850 585 889 Infelix
617 851 738 894 homo,
772 850 847 898 qui,
882 861 964 887 cum
995 849 1222 897 superbierit

440 907 629 946 Elationis
661 907 829 956 crimine,
864 918 1042 954 passurus
1075 907 1136 954 sit,

442 965 480 1003 Si
512 965 631 1001 iustus
661 965 776 1001 iudex
806 965 952 1001 veniam
985 975 1058 1001 non
1089 963 1235 1009 tribuit,

442 1022 514 1069 Qui
546 1020 731 1058 claritatis
762 1025 890 1058 tantae
921 1021 1044 1058 lumen
1077 1021 1219 1069 intulit,

440 1079 493 1118 Ut
523 1079 596 1114 rite
628 1077 772 1115 cunctis
802 1076 1043 1125 praeferetur
1073 1078 1230 1124 angelis,

358 1195 395 1232 8.
443 1193 518 1232 Sed
550 1190 643 1229 felix
673 1192 751 1239 ille,
784 1202 892 1238 quem
925 1203 984 1228 res
1006 1191 1102 1228 istae
1122 1191 1343 1239 possident:

439 1250 550 1287 Mens
577 1249 686 1297 bona,
719 1253 851 1295 pectus
872 1259 1020 1296 purum,
1053 1249 1131 1286 vita
1151 1248 1343 1296 innocens,

444 1307 555 1344 Cuius
585 1306 624 1342 in
655 1306 758 1344 caelo
790 1315 933 1342 merces
963 1305 1055 1342 orbe
1086 1305 1205 1342 maior
1236 1308 1305 1352 est,

442 1364 493 1401 Et
524 1373 658 1399 nomen
689 1362 754 1398 ille
785 1373 941 1409 magnus
972 1362 1070 1398 liber
1100 1362 1279 1408 continet,

441 1422 556 1468 Quem
584 1424 671 1457 ante
692 1423 840 1467 tempus
863 1419 1067 1465 scripserat
1092 1419 1344 1464 omnipotens.

355 1536 393 1574 9.
440 1534 527 1573 Illic
558 1533 710 1571 divinae
739 1532 893 1580 pietatis
924 1543 1078 1569 munere

441 1593 530 1638 Vos,
563 1590 725 1636 Oderisi,
758 1594 809 1638 tu,
844 1590 1022 1626 Dinetras
1054 1590 1244 1636 mundule,

442 1647 656 1694 Conscripti
686 1647 787 1685 vitae
819 1645 963 1693 fulgitis
995 1650 1210 1694 caractere3

439 1705 709 1752 Apostolorum
743 1703 877 1740 chorus
909 1704 997 1740 hinc
1028 1709 1064 1740 et
1096 1707 1284 1749 martyres

438 1762 490 1800 Et
521 1760 756 1798 confessores
788 1761 981 1798 exsultant
1012 1770 1056 1797 ac
1089 1760 1264 1806 virgines,

328 1877 394 1915 10.
442 1876 644 1922 Postquam
675 1873 782 1910 finita
812 1874 974 1911 statione
1003 1873 1143 1911 saeculi

440 1933 516 1969 Vos
546 1931 712 1978 scriptor
740 1931 842 1967 idem
873 1931 1048 1978 antiquus
1081 1930 1267 1975 citaverit,

440 1989 638 2027 Caelorum
667 1987 773 2034 regni
804 1987 971 2034 claviger
1001 1999 1087 2024 mox
1119 1988 1255 2033 aperit,

438 2046 553 2093 Regis
583 2045 727 2083 aeterni
759 2044 864 2091 virgo
895 2048 1015 2081 mater
1045 2043 1187 2091 excipit

440 2104 492 2141 Et
522 2103 649 2140 statim
681 2101 805 2138 choris
836 2101 953 2138 sociat
984 2100 1175 2148 angelicis

328 2219 391 2257 11.
439 2217 661 2255 Sanctorum
693 2214 812 2252 omnis
844 2214 1008 2252 concinit
1039 2214 1240 2262 exercitus,

437 2273 546 2311 Iubal
577 2279 634 2310 est
663 2273 807 2320 primus
838 2272 876 2308 in
908 2272 1022 2308 choro
1049 2271 1274 2317 canentium,

439 2331 572 2369 Pulsat
601 2329 738 2376 Maria,
771 2339 879 2365 soror
909 2329 1051 2372 Aaron,
1084 2332 1318 2374 tympanum,

438 2388 519 2425 Rex
551 2391 674 2423 autem
709 2385 831 2422 David
864 2390 1041 2432 personat
1073 2385 1295 2431 psalterium

442 2445 494 2481 Et
523 2443 753 2480 Benedictus
786 2442 957 2489 regulare
987 2441 1206 2489 praemium.

329 2559 393 2596 12.
441 2557 572 2597 Cernit
602 2556 768 2602 insignes
798 2555 892 2601 legis
924 2554 981 2591 sui
1013 2555 1187 2601 dogmate

438 2616 543 2652 Inter
573 2613 711 2660 ignitos
743 2617 779 2648 et
810 2611 1018 2648 condensos
1048 2612 1198 2658 lapides

438 2671 572 2708 Nitore
603 2670 698 2706 miro
730 2678 928 2705 coruscare
956 2668 1113 2714 pariter,

440 2727 606 2765 Miratur
636 2737 730 2772 opus
760 2729 796 2762 et
827 2725 958 2762 laudat
984 2724 1180 2765 artificem,

439 2784 534 2822 Inde
565 2783 776 2820 scholarem
806 2781 965 2818 rimatur
995 2782 1190 2827 originem.

123 2852 287 2885 Dreves,
314 2853 517 2880 Lateinische
538 2851 820 2886 Hymnendiehter
857 2850 900 2877 Π.
1368 2842 1409 2875 ‘22
