1785 3111
802 23 1109 63 -286—

449 139 487 177 2.
534 137 593 174 Tu
623 137 693 173 Dei
726 136 845 183 patris
877 137 1069 183 genitique
1099 148 1196 183 pura

536 193 700 239 Caritas,
734 204 806 239 qua
837 203 878 229 se
908 194 1054 239 pariter
1085 193 1247 242 benigne

534 248 746 287 Confovcnt
777 254 826 298 et,
859 261 954 296 quae
986 251 1084 287 bona
1113 252 1222 288 audit
1252 254 1385 288 auctor

644 306 740 342 Esse
772 311 910 345 creata.

446 382 484 419 3.
532 380 589 416 Tu
619 379 733 417 fidem
766 380 903 428 spiras,
936 391 1046 418 sacra
1075 381 1159 418 iura
1191 381 1326 431 dictas,

533 436 689 474 Gratiae
720 437 848 482 largus
879 437 991 474 venia
1021 442 1186 487 reperta,

531 493 664 530 Victor
695 504 877 539 errorum,
911 493 1031 540 probe
1061 494 1234 531 veritatis

641 550 897 590 Testificator,

445 626 484 664 4.
532 623 623 660 Cum
655 624 773 666 venis,
807 623 957 670 culpam
990 624 1170 660 lacrimae
1201 634 1380 670 sequaces

527 680 702 727 Dssuunt,
734 680 834 716 vitae
867 681 1065 717 recalescit
1095 680 1206 727 ignis,

528 737 655 783 Atque
687 738 902 782 compuncti
935 744 1077 775 cremat
1108 749 1174 774 ara
1208 738 1333 774 cordis

645 794 721 830 Tus
752 794 921 841 pietatis.

444 870 481 906 5.
530 867 701 904 Gloriam
732 867 855 904 trinae
885 868 1038 904 monadi
1071 868 1261 906 canamus.

529 924 620 960 Cum
653 924 733 961 Deo
767 925 877 961 divae
908 925 1079 971 genitore
1110 925 1186 971 poli

526 980 692 1018 Flamini
722 992 792 1017 nec
823 992 897 1017 non
929 981 976 1018 ab
1009 987 1168 1027 utroque
1201 980 1284 1017 fuso

645 1037 771 1075 Corde
802 1037 920 1076 fideli.

259 1116 374 1157 Opera
400 1125 464 1146 ms.
492 1115 649 1159 Fulberti
676 1126 765 1147 saec.
792 1113 861 1157 [11.
889 1117 936 1146 in.
964 1113 1016 1146 12.
1044 1113 1091 1157 et]
1120 1114 1170 1147 17.
1221 1117 1303 1147 (flul.
1330 1116 1479 1148 Parisin.
1505 1114 1603 1148 2872.
1630 1118 1669 1148 Α.
1696 1135 1738 1139 -

165 1161 217 1192 De
246 1161 386 1193 Villiers
414 1161 472 1191 fol.
503 1159 609 1192 18421.
635 1162 674 1193 B.
701 1178 739 1184 -

560 1272 642 1307 215.
680 1273 736 1312 (7).
774 1273 818 1306 In
846 1272 1072 1307 Nativitate
1099 1273 1148 1307 Β.
1174 1272 1227 1306 Μ.
1256 1273 1302 1308 Υ.

405 1350 443 1388 1.
492 1350 617 1387 Solem
646 1350 827 1397 iustitiae,
860 1360 985 1396 regem
1017 1351 1190 1396 paritura
1221 1360 1450 1397 supremum,

491 1407 612 1444 Stella
643 1407 769 1444 Maria
802 1407 916 1443 maris
950 1407 1062 1443 hodie
1092 1409 1280 1453 processit
1310 1407 1358 1443 ad
1390 1408 1539 1452 ortum3

491 1464 658 1501 Cernere
687 1464 856 1500 divinum
890 1464 1015 1500 lumen
1046 1464 1222 1510 gaudete,
1256 1462 1403 1502 fideles.

407 1545 445 1581 2.
493 1542 618 1589 Stirps
651 1544 754 1579 Iesse
787 1543 929 1588 virgam
962 1542 1145 1588 produxit
1176 1542 1357 1589 virgaque
1387 1541 1532 1590 florem,

494 1599 544 1636 Et
576 1610 692 1646 super
722 1599 821 1635 hunc
852 1598 983 1635 florem
1014 1599 1201 1645 requievit
1233 1599 1390 1645 spiritus
1421 1600 1564 1647 almus3

491 1657 609 1702 Virgo
644 1656 712 1692 Dei
744 1656 917 1702 genetrix
950 1656 1056 1702 virga
1087 1660 1155 1701 est,
1189 1654 1258 1692 flos
1289 1655 1390 1693 filius
1423 1656 1515 1693 eius.

407 1738 445 1774 3.
491 1736 553 1772 Ad
586 1740 717 1772 nutum
750 1735 903 1772 Domini
935 1739 1104 1771 nostrum
1140 1735 1296 1771 ditantis
1328 1735 1508 1772 honorem

493 1793 596 1830 Sicut
630 1793 739 1838 spina
771 1803 895 1828 rosam
927 1792 1057 1837 genuit
1088 1792 1230 1828 Iudaea
1261 1792 1437 1842 Mariam,

494 1850 545 1887 Ut
579 1849 712 1885 vitium
744 1849 864 1884 virtus
896 1848 1076 1897 operiret,
1110 1849 1233 1895 gratia.
1264 1849 1428 1895 culpam.

264 1928 317 1959 De
350 1927 494 1958 Villiers
527 1925 586 1958 fol.
624 1925 730 1958 1771).
764 1927 803 1957 A.
829 1943 872 1947 —
899 1928 998 1958 Brev.
1032 1937 1094 1957 ms.
1127 1927 1345 1957 Dominiean.
1381 1937 1470 1958 saec.
1508 1924 1559 1959 14.
1592 1924 1641 1968 [et
1674 1923 1740 1968 15].

172 1973 260 2005 Clm.
298 1973 481 2004 Monacen.
517 1970 646 2003 23154.
679 1973 718 2003 B.
744 1990 788 1992 —
816 1972 958 2002 Collect.
992 1983 1054 2002 ms.
1084 1973 1305 2003 Franciscan.
1332 1972 1503 2003 Parisien.
1537 1982 1625 2003 saec.
1654 1969 1742 2002 ¹51‘16.

174 2019 260 2050 cod.
287 2019 438 2049 Paris-111.
465 2016 620 2049 :16:390
648 2035 687 2038 »-
719 2016 746 2055 1,
773 2016 793 2048 2
818 2019 919 2048 nobis
946 2019 1116 2058 processit
1134 2019 1170 2048 (J.
1201 2033 1237 2037 Δ·
1267 2018 1307 2048 In
1325 2018 1352 2048 B
1380 2018 1497 2049 bilden
1523 2017 1617 2048 diese
1634 2018 1742 2048 Verse

172 2064 229 2095 die
259 2064 387 2094 dritten
414 2064 672 2104 Responsorien
697 2063 758 2094 der
783 2063 855 2093 drei
882 2063 1089 2093 Noltturnen
1115 2073 1190 2093 zum
1219 2060 1322 2094 Feste
1347 2063 1408 2094 der
1432 2063 1565 2095 Geburt
1588 2063 1742 2094 Mariens

115 2106 119 2111 “
173 2120 206 2140 u.
237 2121 266 2140 z.
296 2107 311 2140 1
345 2110 380 2139 iu
407 2109 466 2139 der
491 2109 636 2145 dritten,
671 2107 691 2139 ‘2
718 2110 753 2139 in
778 2109 839 2139 der
864 2114 997 2145 ersten,
1024 2106 1044 2139 3
1070 2110 1105 2138 in
1130 2108 1191 2138 der
1215 2110 1360 2139 zweiten
1380 2109 1552 2139 Nokturn.
1597 2107 1741 2139 Betreffs

172 2155 233 2185 der
269 2154 489 2185 Autorschaft
526 2155 686 2186 Fulberts
720 2155 789 2195 vgl.
823 2154 884 2185 das
921 2155 1011 2185 heim
1046 2155 1208 2194 Hymnus
1242 2151 1382 2184 Chorus
1408 2162 1519 2185 ἠηωυαε
1543 2150 1738 2184 Ierusalem

127 2212 130 2214 ·
173 2200 337 2240 Gesagte.

621 2278 702 2312 21⁸.
739 2280 793 2320 (ὅ).
830 2278 888 2311 De
915 2277 1055 2311 sancto
1088 2276 1290 2311 Carauno.

561 2351 597 2388 1.
646 2351 763 2387 Carus
795 2349 958 2396 abunde7
993 2350 1177 2390 Caraune,
1211 2349 1307 2383 nites

644 2407 763 2452 quue
796 2405 988 2442 vocamine
1020 2404 1234 2452 significas3

704 2463 861 2508 Lyricos
889 2463 976 2498 ideo

703 2520 789 2555 Tibi
822 2519 1027 2555 versiculos

703 2576 880 2613 Caninius
913 2576 1051 2611 hilares

706 2634 755 2670 Et
785 2642 913 2669 amore
945 2632 1019 2681 pio,

761 2690 830 2737 Tu,
864 2689 924 2734 pie
956 2693 1113 2735 martyr,

824 2747 942 2782 Posce
973 2744 1081 2781 nobis
1113 2744 1272 2780 veniam.
