<?xml version="1.0" encoding="UTF-8"?>
<!DOCTYPE html PUBLIC "-//W3C//DTD XHTML 1.0 Transitional//EN"
    "http://www.w3.org/TR/xhtml1/DTD/xhtml1-transitional.dtd">
<html xmlns="http://www.w3.org/1999/xhtml" xml:lang="en" lang="en">
 <head>
  <title>
</title>
<meta http-equiv="Content-Type" content="text/html;charset=utf-8" />
  <meta name='ocr-system' content='tesseract 3.04.00' />
  <meta name='ocr-capabilities' content='ocr_page ocr_carea ocr_par ocr_line ocrx_word'/>
</head>
<body>
  <div class='ocr_page' id='page_1' title='image "./analectahymnicam50drevuoft/analectahymnicam50drevuoft_0474.png"; bbox 0 0 1785 3111; ppageno 0'>
   <div class='ocr_carea' id='block_1_1' title="bbox 202 90 924 422">
    <p class='ocr_par' dir='ltr' id='par_1_1' title="bbox 202 90 924 422">
     <span class='ocr_line' id='line_1_1' title="bbox 784 90 924 129; baseline -0.007 1"><span class='ocrx_word' id='word_1_1' title='bbox 784 113 839 117; x_wconf 98' lang='lat'><strong>—</strong></span> <span class='ocrx_word' id='word_1_2' title='bbox 898 90 924 129; x_wconf 80' lang='lat'><strong>4</strong></span> 
     </span>
     <span class='ocr_line' id='line_1_2' title="bbox 202 204 811 254; baseline -0.008 -9"><span class='ocrx_word' id='word_1_3' title='bbox 202 209 238 245; x_wconf 86' lang='lat'>7.</span> <span class='ocrx_word' id='word_1_4' title='bbox 273 208 395 254; x_wconf 85' lang='lat' dir='ltr'>Reges</span> <span class='ocrx_word' id='word_1_5' title='bbox 427 205 535 242; x_wconf 86' lang='lat' dir='ltr'>multi</span> <span class='ocrx_word' id='word_1_6' title='bbox 567 211 680 251; x_wconf 88' lang='lat' dir='ltr'>atque</span> <span class='ocrx_word' id='word_1_7' title='bbox 708 204 811 251; x_wconf 85' lang='lat' dir='ltr'>iusti,</span> 
     </span>
     <span class='ocr_line' id='line_1_3' title="bbox 332 261 800 307; baseline -0.006 -7"><span class='ocrx_word' id='word_1_8' title='bbox 332 264 404 300; x_wconf 87' lang='lat' dir='ltr'>Per</span> <span class='ocrx_word' id='word_1_9' title='bbox 437 262 606 299; x_wconf 71' lang='lat' dir='ltr'>divinam</span> <span class='ocrx_word' id='word_1_10' title='bbox 639 261 800 307; x_wconf 84' lang='lat' dir='ltr'>gratiam</span> 
     </span>
     <span class='ocr_line' id='line_1_4' title="bbox 273 317 666 365; baseline -0.005 -9"><span class='ocrx_word' id='word_1_11' title='bbox 273 318 468 365; x_wconf 76' lang='lat' dir='ltr'>Inspimti,</span> <span class='ocrx_word' id='word_1_12' title='bbox 499 318 554 355; x_wconf 91' lang='lat' dir='ltr'>tui</span> <span class='ocrx_word' id='word_1_13' title='bbox 586 317 666 355; x_wconf 88' lang='lat' dir='ltr'>nati</span> 
     </span>
     <span class='ocr_line' id='line_1_5' title="bbox 331 374 845 422; baseline -0.002 -9"><span class='ocrx_word' id='word_1_14' title='bbox 331 374 544 413; x_wconf 89' lang='lat' dir='ltr'>Poscebant</span> <span class='ocrx_word' id='word_1_15' title='bbox 575 374 845 422; x_wconf 82' lang='lat' dir='ltr'>praesentiam.</span> 
     </span>
    </p>
   </div>
   <div class='ocr_carea' id='block_1_2' title="bbox 203 504 863 722">
    <p class='ocr_par' dir='ltr' id='par_1_2' title="bbox 203 504 863 722">
     <span class='ocr_line' id='line_1_6' title="bbox 203 504 665 544; baseline -0.009 0"><span class='ocrx_word' id='word_1_16' title='bbox 203 507 239 544; x_wconf 84' lang='lat'>8.</span> <span class='ocrx_word' id='word_1_17' title='bbox 274 505 304 544; x_wconf 91' lang='grc' dir='ltr'><strong>Ο</strong></span> <span class='ocrx_word' id='word_1_18' title='bbox 338 505 462 544; x_wconf 78' lang='lat' dir='ltr'>beata,</span> <span class='ocrx_word' id='word_1_19' title='bbox 497 504 665 541; x_wconf 79' lang='lat' dir='ltr'>revelata</span> 
     </span>
     <span class='ocr_line' id='line_1_7' title="bbox 334 559 863 608; baseline -0.004 -10"><span class='ocrx_word' id='word_1_20' title='bbox 334 562 410 599; x_wconf 89' lang='lat' dir='ltr'>Per</span> <span class='ocrx_word' id='word_1_21' title='bbox 439 565 477 597; x_wconf 88' lang='lat' dir='ltr'>te</span> <span class='ocrx_word' id='word_1_22' title='bbox 509 571 607 597; x_wconf 82' lang='lat' dir='ltr'>nuno</span> <span class='ocrx_word' id='word_1_23' title='bbox 638 559 863 608; x_wconf 80' lang='lat' dir='ltr'>prophetica</span> 
     </span>
     <span class='ocr_line' id='line_1_8' title="bbox 278 615 839 663; baseline -0.007 -8"><span class='ocrx_word' id='word_1_24' title='bbox 278 618 374 655; x_wconf 82' lang='lat' dir='ltr'>Sunt</span> <span class='ocrx_word' id='word_1_25' title='bbox 406 622 553 655; x_wconf 88' lang='lat' dir='ltr'>secreta</span> <span class='ocrx_word' id='word_1_26' title='bbox 584 621 620 654; x_wconf 86' lang='lat' dir='ltr'>et</span> <span class='ocrx_word' id='word_1_27' title='bbox 652 615 839 663; x_wconf 79' lang='lat' dir='ltr'>completa</span> 
     </span>
     <span class='ocr_line' id='line_1_9' title="bbox 335 673 834 722; baseline -0.002 -11"><span class='ocrx_word' id='word_1_28' title='bbox 335 675 448 722; x_wconf 80' lang='lat' dir='ltr'>Legis</span> <span class='ocrx_word' id='word_1_29' title='bbox 480 674 630 721; x_wconf 87' lang='lat' dir='ltr'>priscae</span> <span class='ocrx_word' id='word_1_30' title='bbox 661 673 834 721; x_wconf 74' lang='lat' dir='ltr'>mystica.</span> 
     </span>
    </p>
   </div>
   <div class='ocr_carea' id='block_1_3' title="bbox 211 803 897 1020">
    <p class='ocr_par' dir='ltr' id='par_1_3' title="bbox 211 803 897 967">
     <span class='ocr_line' id='line_1_10' title="bbox 211 803 897 852; baseline -0.007 -9"><span class='ocrx_word' id='word_1_31' title='bbox 211 808 248 845; x_wconf 70' lang='lat'>9.</span> <span class='ocrx_word' id='word_1_32' title='bbox 282 806 399 852; x_wconf 79' lang='lat' dir='ltr'>Virgo</span> <span class='ocrx_word' id='word_1_33' title='bbox 431 803 561 842; x_wconf 84' lang='lat' dir='ltr'>florem</span> <span class='ocrx_word' id='word_1_34' title='bbox 594 808 724 841; x_wconf 88' lang='lat' dir='ltr'>contra</span> <span class='ocrx_word' id='word_1_35' title='bbox 755 813 897 840; x_wconf 88' lang='lat' dir='ltr'>morem</span> 
     </span>
     <span class='ocr_line' id='line_1_11' title="bbox 333 859 798 908; baseline -0.006 -9"><span class='ocrx_word' id='word_1_36' title='bbox 333 863 461 908; x_wconf 86' lang='lat' dir='ltr'>Atque</span> <span class='ocrx_word' id='word_1_37' title='bbox 493 859 658 898; x_wconf 87' lang='lat' dir='ltr'>fructum</span> <span class='ocrx_word' id='word_1_38' title='bbox 689 860 798 897; x_wconf 85' lang='lat' dir='ltr'>arida</span> 
     </span>
     <span class='ocr_line' id='line_1_12' title="bbox 278 916 866 967; baseline 0 -12"><span class='ocrx_word' id='word_1_39' title='bbox 278 918 531 967; x_wconf 82' lang='lat' dir='ltr'>Germinavit‚</span> <span class='ocrx_word' id='word_1_40' title='bbox 564 927 659 964; x_wconf 81' lang='lat' dir='ltr'>quae</span> <span class='ocrx_word' id='word_1_41' title='bbox 691 916 866 964; x_wconf 79' lang='lat' dir='ltr'>signavit.</span> 
     </span>
    </p>

    <p class='ocr_par' dir='ltr' id='par_1_4' title="bbox 336 972 852 1020">
     <span class='ocr_line' id='line_1_13' title="bbox 336 972 852 1020; baseline 0.002 -9"><span class='ocrx_word' id='word_1_42' title='bbox 336 975 443 1020; x_wconf 81' lang='lat' dir='ltr'>Quod</span> <span class='ocrx_word' id='word_1_43' title='bbox 475 979 516 1011; x_wconf 91' lang='lat' dir='ltr'>tu</span> <span class='ocrx_word' id='word_1_44' title='bbox 549 973 649 1011; x_wconf 89' lang='lat' dir='ltr'>fores</span> <span class='ocrx_word' id='word_1_45' title='bbox 681 972 852 1020; x_wconf 79' lang='lat' dir='ltr'>gravida.</span> 
     </span>
    </p>
   </div>
   <div class='ocr_carea' id='block_1_4' title="bbox 179 1103 909 1312">
    <p class='ocr_par' dir='ltr' id='par_1_5' title="bbox 179 1103 909 1312">
     <span class='ocr_line' id='line_1_14' title="bbox 179 1103 909 1149; baseline -0.008 -3"><span class='ocrx_word' id='word_1_46' title='bbox 179 1107 245 1145; x_wconf 75' lang='lat'>10.</span> <span class='ocrx_word' id='word_1_47' title='bbox 281 1106 337 1142; x_wconf 93' lang='lat' dir='ltr'>Tu</span> <span class='ocrx_word' id='word_1_48' title='bbox 369 1104 544 1141; x_wconf 90' lang='lat' dir='ltr'>nimirum</span> <span class='ocrx_word' id='word_1_49' title='bbox 576 1113 764 1149; x_wconf 86' lang='lat' dir='ltr'>nunquam</span> <span class='ocrx_word' id='word_1_50' title='bbox 786 1103 909 1140; x_wconf 89' lang='lat' dir='ltr'>virum</span> 
     </span>
     <span class='ocr_line' id='line_1_15' title="bbox 340 1159 809 1208; baseline -0.009 -10"><span class='ocrx_word' id='word_1_51' title='bbox 340 1162 459 1198; x_wconf 80' lang='lat' dir='ltr'>Passa</span> <span class='ocrx_word' id='word_1_52' title='bbox 490 1160 635 1208; x_wconf 88' lang='lat' dir='ltr'>prolem</span> <span class='ocrx_word' id='word_1_53' title='bbox 669 1159 809 1206; x_wconf 86' lang='lat' dir='ltr'>regiam</span> 
     </span>
     <span class='ocr_line' id='line_1_16' title="bbox 285 1216 741 1256; baseline -0.011 0"><span class='ocrx_word' id='word_1_54' title='bbox 285 1217 452 1256; x_wconf 84' lang='lat' dir='ltr'>Edidisti</span> <span class='ocrx_word' id='word_1_55' title='bbox 485 1227 558 1256; x_wconf 90' lang='lat' dir='ltr'>nec</span> <span class='ocrx_word' id='word_1_56' title='bbox 589 1216 741 1252; x_wconf 74' lang='lat' dir='ltr'>sensisti</span> 
     </span>
     <span class='ocr_line' id='line_1_17' title="bbox 340 1273 738 1312; baseline -0.003 0"><span class='ocrx_word' id='word_1_57' title='bbox 340 1274 497 1312; x_wconf 86' lang='lat' dir='ltr'>Pariens</span> <span class='ocrx_word' id='word_1_58' title='bbox 530 1273 738 1311; x_wconf 85' lang='lat' dir='ltr'>tristitiam.</span> 
     </span>
    </p>
   </div>
   <div class='ocr_carea' id='block_1_5' title="bbox 185 1401 908 1562">
    <p class='ocr_par' dir='ltr' id='par_1_6' title="bbox 185 1401 908 1562">
     <span class='ocr_line' id='line_1_18' title="bbox 185 1401 908 1451; baseline -0.01 -7"><span class='ocrx_word' id='word_1_59' title='bbox 185 1405 251 1443; x_wconf 86' lang='lat'>11.</span> <span class='ocrx_word' id='word_1_60' title='bbox 284 1403 403 1441; x_wconf 78' lang='lat' dir='ltr'>Stella</span> <span class='ocrx_word' id='word_1_61' title='bbox 420 1402 547 1446; x_wconf 88' lang='lat' dir='ltr'>maris,</span> <span class='ocrx_word' id='word_1_62' title='bbox 566 1412 671 1451; x_wconf 79' lang='lat' dir='ltr'>quae,</span> <span class='ocrx_word' id='word_1_63' title='bbox 693 1403 778 1439; x_wconf 90' lang='lat' dir='ltr'>dum</span> <span class='ocrx_word' id='word_1_64' title='bbox 793 1401 908 1450; x_wconf 84' lang='lat' dir='ltr'>paris,</span> 
     </span>
     <span class='ocr_line' id='line_1_19' title="bbox 339 1459 852 1506; baseline -0.006 -9"><span class='ocrx_word' id='word_1_65' title='bbox 339 1460 424 1497; x_wconf 83' lang='lat' dir='ltr'>Non</span> <span class='ocrx_word' id='word_1_66' title='bbox 456 1459 587 1506; x_wconf 86' lang='lat' dir='ltr'>perdis</span> <span class='ocrx_word' id='word_1_67' title='bbox 619 1459 852 1506; x_wconf 74' lang='lat' dir='ltr'>signaculum</span> 
     </span>
     <span class='ocr_line' id='line_1_20' title="bbox 284 1516 744 1562; baseline -0.007 -8"><span class='ocrx_word' id='word_1_68' title='bbox 284 1516 493 1559; x_wconf 79' lang='lat' dir='ltr'>Castitatis‚</span> <span class='ocrx_word' id='word_1_69' title='bbox 526 1527 547 1553; x_wconf 88' lang='lat' dir='ltr'>a</span> <span class='ocrx_word' id='word_1_70' title='bbox 578 1516 744 1562; x_wconf 85' lang='lat' dir='ltr'>peccatis</span> 
     </span>
    </p>
   </div>
   <div class='ocr_carea' id='block_1_6' title="bbox 339 1573 830 1610">
    <p class='ocr_par' dir='ltr' id='par_1_7' title="bbox 339 1573 830 1610">
     <span class='ocr_line' id='line_1_21' title="bbox 339 1573 830 1610; baseline -0.006 0"><span class='ocrx_word' id='word_1_71' title='bbox 339 1573 459 1610; x_wconf 87' lang='lat' dir='ltr'>Tuum</span> <span class='ocrx_word' id='word_1_72' title='bbox 492 1573 596 1609; x_wconf 83' lang='lat' dir='ltr'>solve</span> <span class='ocrx_word' id='word_1_73' title='bbox 628 1573 830 1608; x_wconf 81' lang='lat' dir='ltr'>servulum.</span> 
     </span>
    </p>
   </div>
   <div class='ocr_carea' id='block_1_7' title="bbox 191 1700 839 1909">
    <p class='ocr_par' dir='ltr' id='par_1_8' title="bbox 191 1700 839 1909">
     <span class='ocr_line' id='line_1_22' title="bbox 191 1700 254 1737; baseline -0.032 0"><span class='ocrx_word' id='word_1_74' title='bbox 191 1700 254 1737; x_wconf 82' lang='lat'>12.</span> 
     </span>
     <span class='ocr_line' id='line_1_23' title="bbox 343 1751 749 1799; baseline -0.005 -9"><span class='ocrx_word' id='word_1_75' title='bbox 343 1754 447 1790; x_wconf 85' lang='lat' dir='ltr'>Sicut</span> <span class='ocrx_word' id='word_1_76' title='bbox 478 1751 569 1789; x_wconf 87' lang='lat' dir='ltr'>fumi</span> <span class='ocrx_word' id='word_1_77' title='bbox 601 1752 749 1799; x_wconf 75' lang='lat' dir='ltr'>virgula</span> 
     </span>
     <span class='ocr_line' id='line_1_24' title="bbox 284 1808 839 1855; baseline -0.007 -7"><span class='ocrx_word' id='word_1_78' title='bbox 284 1808 530 1848; x_wconf 86' lang='lat' dir='ltr'>Procedentis</span> <span class='ocrx_word' id='word_1_79' title='bbox 562 1819 607 1846; x_wconf 82' lang='lat' dir='ltr'>ex</span> <span class='ocrx_word' id='word_1_80' title='bbox 636 1808 839 1855; x_wconf 87' lang='lat' dir='ltr'>pigmentis</span> 
     </span>
     <span class='ocr_line' id='line_1_25' title="bbox 343 1865 782 1909; baseline -0.005 -6"><span class='ocrx_word' id='word_1_81' title='bbox 343 1865 453 1903; x_wconf 85' lang='lat' dir='ltr'>Omni</span> <span class='ocrx_word' id='word_1_82' title='bbox 486 1875 591 1902; x_wconf 89' lang='lat' dir='ltr'>cares</span> <span class='ocrx_word' id='word_1_83' title='bbox 623 1865 782 1909; x_wconf 77' lang='lat' dir='ltr'>macula,</span> 
     </span>
    </p>
   </div>
   <div class='ocr_carea' id='block_1_8' title="bbox 189 1987 894 2141">
    <p class='ocr_par' dir='ltr' id='par_1_9' title="bbox 189 1987 894 2141">
     <span class='ocr_line' id='line_1_26' title="bbox 189 1987 840 2036; baseline -0.011 -7"><span class='ocrx_word' id='word_1_84' title='bbox 189 1991 253 2030; x_wconf 73' lang='lat'>13.</span> <span class='ocrx_word' id='word_1_85' title='bbox 287 1990 340 2027; x_wconf 85' lang='lat' dir='ltr'>Sit</span> <span class='ocrx_word' id='word_1_86' title='bbox 374 1988 507 2026; x_wconf 87' lang='lat' dir='ltr'>salutis</span> <span class='ocrx_word' id='word_1_87' title='bbox 539 1998 652 2025; x_wconf 85' lang='lat' dir='ltr'>causa</span> <span class='ocrx_word' id='word_1_88' title='bbox 685 1987 840 2036; x_wconf 86' lang='lat' dir='ltr'>cunctis,</span> 
     </span>
     <span class='ocr_line' id='line_1_27' title="bbox 344 2044 894 2092; baseline -0.007 -9"><span class='ocrx_word' id='word_1_89' title='bbox 344 2045 451 2092; x_wconf 78' lang='lat' dir='ltr'>Quod</span> <span class='ocrx_word' id='word_1_90' title='bbox 484 2050 521 2081; x_wconf 92' lang='lat' dir='ltr'>te</span> <span class='ocrx_word' id='word_1_91' title='bbox 552 2045 672 2081; x_wconf 88' lang='lat' dir='ltr'>Deum</span> <span class='ocrx_word' id='word_1_92' title='bbox 706 2044 894 2080; x_wconf 86' lang='lat' dir='ltr'>credimus</span> 
     </span>
     <span class='ocr_line' id='line_1_28' title="bbox 289 2100 754 2141; baseline -0.009 -1"><span class='ocrx_word' id='word_1_93' title='bbox 289 2102 472 2141; x_wconf 86' lang='lat' dir='ltr'>Genuisse</span> <span class='ocrx_word' id='word_1_94' title='bbox 503 2106 539 2138; x_wconf 87' lang='lat' dir='ltr'>et</span> <span class='ocrx_word' id='word_1_95' title='bbox 570 2100 754 2137; x_wconf 85' lang='lat' dir='ltr'>mansisse</span> 
     </span>
    </p>
   </div>
   <div class='ocr_carea' id='block_1_9' title="bbox 343 2157 786 2206">
    <p class='ocr_par' dir='ltr' id='par_1_10' title="bbox 343 2157 786 2206">
     <span class='ocr_line' id='line_1_29' title="bbox 343 2157 786 2206; baseline -0.002 -11"><span class='ocrx_word' id='word_1_96' title='bbox 343 2158 537 2206; x_wconf 66' lang='lat' dir='ltr'>Virginem</span> <span class='ocrx_word' id='word_1_97' title='bbox 569 2157 786 2195; x_wconf 82' lang='lat' dir='ltr'>asserimus.</span> 
     </span>
    </p>
   </div>
   <div class='ocr_carea' id='block_1_10' title="bbox 193 2282 864 2432">
    <p class='ocr_par' dir='ltr' id='par_1_11' title="bbox 193 2282 864 2432">
     <span class='ocr_line' id='line_1_30' title="bbox 193 2282 732 2331; baseline -0.007 -9"><span class='ocrx_word' id='word_1_98' title='bbox 193 2284 260 2322; x_wconf 87' lang='lat'>14.</span> <span class='ocrx_word' id='word_1_99' title='bbox 294 2283 323 2320; x_wconf 89' lang='lat' dir='ltr'>O</span> <span class='ocrx_word' id='word_1_100' title='bbox 355 2283 492 2331; x_wconf 81' lang='lat' dir='ltr'>Maria,</span> <span class='ocrx_word' id='word_1_101' title='bbox 525 2292 639 2329; x_wconf 84' lang='lat' dir='ltr'>prece</span> <span class='ocrx_word' id='word_1_102' title='bbox 670 2282 732 2328; x_wconf 91' lang='lat' dir='ltr'>pia</span> 
     </span>
     <span class='ocr_line' id='line_1_31' title="bbox 345 2337 779 2383; baseline -0.005 -8"><span class='ocrx_word' id='word_1_103' title='bbox 345 2338 464 2375; x_wconf 75' lang='lat' dir='ltr'>Nobis</span> <span class='ocrx_word' id='word_1_104' title='bbox 497 2337 555 2375; x_wconf 86' lang='lat' dir='ltr'>fer</span> <span class='ocrx_word' id='word_1_105' title='bbox 584 2338 779 2383; x_wconf 77' lang='lat' dir='ltr'>auxilium,</span> 
     </span>
     <span class='ocr_line' id='line_1_32' title="bbox 293 2394 864 2432; baseline -0.002 -1"><span class='ocrx_word' id='word_1_106' title='bbox 293 2395 406 2432; x_wconf 85' lang='lat' dir='ltr'>Cuius</span> <span class='ocrx_word' id='word_1_107' title='bbox 435 2405 569 2432; x_wconf 88' lang='lat' dir='ltr'>nomen</span> <span class='ocrx_word' id='word_1_108' title='bbox 603 2395 667 2432; x_wconf 90' lang='lat' dir='ltr'>dat</span> <span class='ocrx_word' id='word_1_109' title='bbox 696 2394 864 2431; x_wconf 89' lang='lat' dir='ltr'>solamen</span> 
     </span>
    </p>
   </div>
   <div class='ocr_carea' id='block_1_11' title="bbox 347 2451 802 2499">
    <p class='ocr_par' dir='ltr' id='par_1_12' title="bbox 347 2451 802 2499">
     <span class='ocr_line' id='line_1_33' title="bbox 347 2451 802 2499; baseline 0.007 -12"><span class='ocrx_word' id='word_1_110' title='bbox 347 2451 501 2488; x_wconf 80' lang='lat' dir='ltr'>Miseris</span> <span class='ocrx_word' id='word_1_111' title='bbox 533 2451 579 2488; x_wconf 92' lang='lat' dir='ltr'>ad</span> <span class='ocrx_word' id='word_1_112' title='bbox 611 2451 802 2499; x_wconf 87' lang='lat' dir='ltr'>gaudium.</span> 
     </span>
    </p>
   </div>
   <div class='ocr_carea' id='block_1_12' title="bbox 194 2573 946 2790">
    <p class='ocr_par' dir='ltr' id='par_1_13' title="bbox 194 2573 946 2790">
     <span class='ocr_line' id='line_1_34' title="bbox 194 2573 889 2621; baseline -0.007 -6"><span class='ocrx_word' id='word_1_113' title='bbox 194 2577 260 2616; x_wconf 87' lang='grc'>15.</span> <span class='ocrx_word' id='word_1_114' title='bbox 295 2576 438 2613; x_wconf 78' lang='lat' dir='ltr'>Nomen</span> <span class='ocrx_word' id='word_1_115' title='bbox 471 2579 656 2620; x_wconf 71' lang='lat' dir='ltr'>sanctum,</span> <span class='ocrx_word' id='word_1_116' title='bbox 689 2584 759 2621; x_wconf 87' lang='lat' dir='ltr'>per</span> <span class='ocrx_word' id='word_1_117' title='bbox 790 2573 889 2620; x_wconf 88' lang='lat' dir='ltr'>quod</span> 
     </span>
     <span class='ocr_line' id='line_1_35' title="bbox 588 2631 781 2678; baseline -0.005 -11"><span class='ocrx_word' id='word_1_118' title='bbox 588 2631 781 2678; x_wconf 85' lang='lat' dir='ltr'>planctum</span> 
     </span>
     <span class='ocr_line' id='line_1_36' title="bbox 355 2687 795 2733; baseline -0.005 -8"><span class='ocrx_word' id='word_1_119' title='bbox 355 2690 563 2725; x_wconf 87' lang='lat' dir='ltr'>Aeternum</span> <span class='ocrx_word' id='word_1_120' title='bbox 597 2687 795 2733; x_wconf 75' lang='lat' dir='ltr'>evasimus,</span> 
     </span>
     <span class='ocr_line' id='line_1_37' title="bbox 292 2742 946 2790; baseline -0.003 -9"><span class='ocrx_word' id='word_1_121' title='bbox 292 2744 439 2782; x_wconf 80' lang='lat' dir='ltr'>Nomen</span> <span class='ocrx_word' id='word_1_122' title='bbox 453 2744 602 2790; x_wconf 70' lang='lat' dir='ltr'>bonum,</span> <span class='ocrx_word' id='word_1_123' title='bbox 616 2753 686 2790; x_wconf 87' lang='lat' dir='ltr'>per</span> <span class='ocrx_word' id='word_1_124' title='bbox 697 2744 796 2790; x_wconf 91' lang='lat' dir='ltr'>quod</span> <span class='ocrx_word' id='word_1_125' title='bbox 809 2742 946 2780; x_wconf 87' lang='lat' dir='ltr'>donum</span> 
     </span>
    </p>
   </div>
   <div class='ocr_carea' id='block_1_13' title="bbox 351 2800 749 2847">
    <p class='ocr_par' dir='ltr' id='par_1_14' title="bbox 351 2800 749 2847">
     <span class='ocr_line' id='line_1_38' title="bbox 351 2800 749 2847; baseline 0 -9"><span class='ocrx_word' id='word_1_126' title='bbox 351 2800 491 2838; x_wconf 86' lang='lat' dir='ltr'>Salutis</span> <span class='ocrx_word' id='word_1_127' title='bbox 521 2800 749 2847; x_wconf 76' lang='lat' dir='ltr'>accepimus,</span> 
     </span>
    </p>
   </div>
   <div class='ocr_carea' id='block_1_14' title="bbox 927 90 950 130">
    <p class='ocr_par' dir='ltr' id='par_1_15' title="bbox 927 90 950 130">
     <span class='ocr_line' id='line_1_39' title="bbox 927 90 950 130; textangle 90"><span class='ocrx_word' id='word_1_128' title='bbox 927 90 950 130; x_wconf 67' lang='lat' dir='ltr'>O(</span> 
     </span>
    </p>
   </div>
   <div class='ocr_carea' id='block_1_15' title="bbox 287 1683 1068 1743">
    <p class='ocr_par' dir='ltr' id='par_1_16' title="bbox 287 1683 1068 1743">
     <span class='ocr_line' id='line_1_40' title="bbox 287 1683 1068 1743; baseline -0.004 -8"><span class='ocrx_word' id='word_1_129' title='bbox 287 1683 404 1743; x_wconf 69' lang='lat' dir='ltr'>Virgo</span> <span class='ocrx_word' id='word_1_130' title='bbox 417 1695 636 1742; x_wconf 78' lang='lat' dir='ltr'>splendens.</span> <span class='ocrx_word' id='word_1_131' title='bbox 651 1705 745 1741; x_wconf 90' lang='lat' dir='ltr'>quae</span> <span class='ocrx_word' id='word_1_132' title='bbox 759 1694 970 1731; x_wconf 85' lang='lat' dir='ltr'>ascendens</span> <span class='ocrx_word' id='word_1_133' title='bbox 1003 1695 1068 1733; x_wconf 86' lang='lat'>21.</span> 
     </span>
    </p>
   </div>
   <div class='ocr_carea' id='block_1_16' title="bbox 956 89 980 129">
    <p class='ocr_par' dir='ltr' id='par_1_17' title="bbox 956 89 980 129">
     <span class='ocr_line' id='line_1_41' title="bbox 956 89 980 129; textangle 90"><span class='ocrx_word' id='word_1_134' title='bbox 956 89 980 129; x_wconf 65' lang='grc' dir='ltr'>[Ὁ</span> 
     </span>
    </p>
   </div>
   <div class='ocr_carea' id='block_1_17' title="bbox 997 204 1660 356">
    <p class='ocr_par' dir='ltr' id='par_1_18' title="bbox 997 204 1660 356">
     <span class='ocr_line' id='line_1_42' title="bbox 997 204 1610 254; baseline 0 -12"><span class='ocrx_word' id='word_1_135' title='bbox 997 204 1063 242; x_wconf 83' lang='grc'><strong>16.</strong></span> <span class='ocrx_word' id='word_1_136' title='bbox 1096 205 1198 242; x_wconf 89' lang='lat' dir='ltr'>Iesse</span> <span class='ocrx_word' id='word_1_137' title='bbox 1229 204 1348 254; x_wconf 81' lang='lat' dir='ltr'>virga7</span> <span class='ocrx_word' id='word_1_138' title='bbox 1381 208 1486 241; x_wconf 86' lang='lat' dir='ltr'>tuum</span> <span class='ocrx_word' id='word_1_139' title='bbox 1518 215 1610 253; x_wconf 83' lang='lat' dir='ltr'>roga</span> 
     </span>
     <span class='ocr_line' id='line_1_43' title="bbox 1149 260 1560 307; baseline 0.002 -10"><span class='ocrx_word' id='word_1_140' title='bbox 1149 261 1398 298; x_wconf 89' lang='lat' dir='ltr'>Benedictum</span> <span class='ocrx_word' id='word_1_141' title='bbox 1429 260 1560 307; x_wconf 89' lang='lat' dir='ltr'>filium,</span> 
     </span>
     <span class='ocr_line' id='line_1_44' title="bbox 1094 318 1660 356; baseline -0.004 -1"><span class='ocrx_word' id='word_1_142' title='bbox 1094 318 1144 356; x_wconf 93' lang='lat' dir='ltr'>Ut</span> <span class='ocrx_word' id='word_1_143' title='bbox 1177 328 1244 354; x_wconf 80' lang='lat' dir='ltr'>nos</span> <span class='ocrx_word' id='word_1_144' title='bbox 1276 321 1400 354; x_wconf 88' lang='lat' dir='ltr'>servet</span> <span class='ocrx_word' id='word_1_145' title='bbox 1432 322 1470 354; x_wconf 80' lang='lat' dir='ltr'>et</span> <span class='ocrx_word' id='word_1_146' title='bbox 1499 321 1660 355; x_wconf 79' lang='lat' dir='ltr'>enervet</span> 
     </span>
    </p>
   </div>
   <div class='ocr_carea' id='block_1_18' title="bbox 1151 373 1654 413">
    <p class='ocr_par' dir='ltr' id='par_1_19' title="bbox 1151 373 1654 413">
     <span class='ocr_line' id='line_1_45' title="bbox 1151 373 1654 413; baseline 0.004 -2"><span class='ocrx_word' id='word_1_147' title='bbox 1151 373 1324 411; x_wconf 85' lang='lat' dir='ltr'>Fraudes</span> <span class='ocrx_word' id='word_1_148' title='bbox 1356 373 1654 413; x_wconf 64' lang='lat' dir='ltr'>adversantium.</span> 
     </span>
    </p>
   </div>
   <div class='ocr_carea' id='block_1_19' title="bbox 1000 502 1652 654">
    <p class='ocr_par' dir='ltr' id='par_1_20' title="bbox 1000 502 1652 654">
     <span class='ocr_line' id='line_1_46' title="bbox 1000 502 1504 552; baseline 0.002 -13"><span class='ocrx_word' id='word_1_149' title='bbox 1000 502 1064 542; x_wconf 87' lang='lat'>17.</span> <span class='ocrx_word' id='word_1_150' title='bbox 1097 503 1126 541; x_wconf 95' lang='grc' dir='ltr'>Ο</span> <span class='ocrx_word' id='word_1_151' title='bbox 1158 502 1280 552; x_wconf 85' lang='lat' dir='ltr'>beata,</span> <span class='ocrx_word' id='word_1_152' title='bbox 1312 503 1504 548; x_wconf 85' lang='lat' dir='ltr'>postulata</span> 
     </span>
     <span class='ocr_line' id='line_1_47' title="bbox 1154 557 1652 608; baseline -0.006 -12"><span class='ocrx_word' id='word_1_153' title='bbox 1154 558 1273 596; x_wconf 88' lang='lat' dir='ltr'>Nobis</span> <span class='ocrx_word' id='word_1_154' title='bbox 1306 560 1469 596; x_wconf 84' lang='lat' dir='ltr'>clemens</span> <span class='ocrx_word' id='word_1_155' title='bbox 1502 557 1652 608; x_wconf 81' lang='lat' dir='ltr'>obtine,</span> 
     </span>
     <span class='ocr_line' id='line_1_48' title="bbox 1096 616 1594 654; baseline -0.004 -1"><span class='ocrx_word' id='word_1_156' title='bbox 1096 616 1231 654; x_wconf 88' lang='lat' dir='ltr'>Redde</span> <span class='ocrx_word' id='word_1_157' title='bbox 1262 620 1362 652; x_wconf 81' lang='lat' dir='ltr'>tutos</span> <span class='ocrx_word' id='word_1_158' title='bbox 1394 620 1430 652; x_wconf 90' lang='lat' dir='ltr'>et</span> <span class='ocrx_word' id='word_1_159' title='bbox 1462 618 1594 652; x_wconf 86' lang='lat' dir='ltr'>exutos</span> 
     </span>
    </p>
   </div>
   <div class='ocr_carea' id='block_1_20' title="bbox 1154 671 1644 711">
    <p class='ocr_par' dir='ltr' id='par_1_21' title="bbox 1154 671 1644 711">
     <span class='ocr_line' id='line_1_49' title="bbox 1154 671 1644 711; baseline -0.006 -2"><span class='ocrx_word' id='word_1_160' title='bbox 1154 671 1233 709; x_wconf 82' lang='lat' dir='ltr'>Nos</span> <span class='ocrx_word' id='word_1_161' title='bbox 1264 672 1311 709; x_wconf 88' lang='lat' dir='ltr'>ab</span> <span class='ocrx_word' id='word_1_162' title='bbox 1343 673 1442 709; x_wconf 90' lang='lat' dir='ltr'>omni</span> <span class='ocrx_word' id='word_1_163' title='bbox 1474 671 1644 711; x_wconf 82' lang='lat' dir='ltr'>crimine,</span> 
     </span>
    </p>
   </div>
   <div class='ocr_carea' id='block_1_21' title="bbox 1095 802 1715 1012">
    <p class='ocr_par' dir='ltr' id='par_1_22' title="bbox 1097 802 1603 905">
     <span class='ocr_line' id='line_1_50' title="bbox 1097 802 1603 847; baseline -0.002 -8"><span class='ocrx_word' id='word_1_164' title='bbox 1097 802 1168 839; x_wconf 90' lang='lat' dir='ltr'>Dei</span> <span class='ocrx_word' id='word_1_165' title='bbox 1200 806 1333 847; x_wconf 83' lang='lat' dir='ltr'>mater,</span> <span class='ocrx_word' id='word_1_166' title='bbox 1365 802 1603 839; x_wconf 83' lang='lat' dir='ltr'>incessanter</span> 
     </span>
     <span class='ocr_line' id='line_1_51' title="bbox 1153 858 1599 905; baseline -0.004 -9"><span class='ocrx_word' id='word_1_167' title='bbox 1153 858 1273 896; x_wconf 74' lang='lat' dir='ltr'>Nobis</span> <span class='ocrx_word' id='word_1_168' title='bbox 1305 869 1419 905; x_wconf 86' lang='lat' dir='ltr'>posce</span> <span class='ocrx_word' id='word_1_169' title='bbox 1451 859 1599 896; x_wconf 89' lang='lat' dir='ltr'>veniam</span> 
     </span>
    </p>

    <p class='ocr_par' dir='ltr' id='par_1_23' title="bbox 1095 915 1715 1012">
     <span class='ocr_line' id='line_1_52' title="bbox 1095 915 1715 953; baseline -0.002 -1"><span class='ocrx_word' id='word_1_170' title='bbox 1095 916 1147 953; x_wconf 88' lang='lat' dir='ltr'>Et</span> <span class='ocrx_word' id='word_1_171' title='bbox 1180 920 1397 952; x_wconf 63' lang='lat' dir='ltr'>cunctorum</span> <span class='ocrx_word' id='word_1_172' title='bbox 1430 915 1715 952; x_wconf 85' lang='lat' dir='ltr'>commodorum</span> 
     </span>
     <span class='ocr_line' id='line_1_53' title="bbox 1155 970 1570 1012; baseline -0.002 -3"><span class='ocrx_word' id='word_1_173' title='bbox 1155 970 1294 1009; x_wconf 86' lang='lat' dir='ltr'>Confer</span> <span class='ocrx_word' id='word_1_174' title='bbox 1325 971 1570 1012; x_wconf 88' lang='lat' dir='ltr'>affluentiam.</span> 
     </span>
    </p>
   </div>
   <div class='ocr_carea' id='block_1_22' title="bbox 1001 1100 1732 1261">
    <p class='ocr_par' dir='ltr' id='par_1_24' title="bbox 1001 1100 1732 1261">
     <span class='ocr_line' id='line_1_54' title="bbox 1001 1100 1602 1148; baseline -0.007 -7"><span class='ocrx_word' id='word_1_175' title='bbox 1001 1104 1065 1143; x_wconf 87' lang='lat'>19.</span> <span class='ocrx_word' id='word_1_176' title='bbox 1098 1101 1220 1142; x_wconf 83' lang='lat' dir='ltr'>Aufer</span> <span class='ocrx_word' id='word_1_177' title='bbox 1250 1102 1352 1139; x_wconf 88' lang='lat' dir='ltr'>bella</span> <span class='ocrx_word' id='word_1_178' title='bbox 1383 1107 1419 1138; x_wconf 87' lang='lat' dir='ltr'>et</span> <span class='ocrx_word' id='word_1_179' title='bbox 1449 1100 1602 1148; x_wconf 84' lang='lat' dir='ltr'>flagella</span> 
     </span>
     <span class='ocr_line' id='line_1_55' title="bbox 1155 1157 1732 1205; baseline -0.003 -9"><span class='ocrx_word' id='word_1_180' title='bbox 1155 1160 1323 1205; x_wconf 83' lang='lat' dir='ltr'>Famem,</span> <span class='ocrx_word' id='word_1_181' title='bbox 1355 1162 1512 1205; x_wconf 83' lang='lat' dir='ltr'>pestem,</span> <span class='ocrx_word' id='word_1_182' title='bbox 1546 1157 1732 1205; x_wconf 77' lang='lat' dir='ltr'>gladium,</span> 
     </span>
     <span class='ocr_line' id='line_1_56' title="bbox 1101 1215 1498 1261; baseline 0 -10"><span class='ocrx_word' id='word_1_183' title='bbox 1101 1215 1312 1252; x_wconf 87' lang='lat' dir='ltr'>Tribulatis</span> <span class='ocrx_word' id='word_1_184' title='bbox 1344 1215 1498 1261; x_wconf 89' lang='lat' dir='ltr'>pietatis</span> 
     </span>
    </p>
   </div>
   <div class='ocr_carea' id='block_1_23' title="bbox 1156 1271 1561 1318">
    <p class='ocr_par' dir='ltr' id='par_1_25' title="bbox 1156 1271 1561 1318">
     <span class='ocr_line' id='line_1_57' title="bbox 1156 1271 1561 1318; baseline 0.005 -11"><span class='ocrx_word' id='word_1_185' title='bbox 1156 1272 1338 1318; x_wconf 77' lang='lat' dir='ltr'>impende</span> <span class='ocrx_word' id='word_1_186' title='bbox 1369 1271 1561 1310; x_wconf 80' lang='lat' dir='ltr'>solacium.</span> 
     </span>
    </p>
   </div>
   <div class='ocr_carea' id='block_1_24' title="bbox 1000 1400 1714 1618">
    <p class='ocr_par' dir='ltr' id='par_1_26' title="bbox 1000 1400 1684 1503">
     <span class='ocr_line' id='line_1_58' title="bbox 1000 1400 1684 1447; baseline -0.003 -8"><span class='ocrx_word' id='word_1_187' title='bbox 1000 1433 1019 1439; x_wconf 84' lang='lat'>-</span> <span class='ocrx_word' id='word_1_188' title='bbox 1059 1433 1067 1441; x_wconf 90' lang='lat'><strong>.</strong></span> <span class='ocrx_word' id='word_1_189' title='bbox 1101 1401 1180 1438; x_wconf 80' lang='lat' dir='ltr'>Pax</span> <span class='ocrx_word' id='word_1_190' title='bbox 1213 1406 1247 1437; x_wconf 89' lang='lat' dir='ltr'>et</span> <span class='ocrx_word' id='word_1_191' title='bbox 1279 1401 1384 1447; x_wconf 83' lang='lat' dir='ltr'>quies</span> <span class='ocrx_word' id='word_1_192' title='bbox 1416 1404 1565 1438; x_wconf 81' lang='lat' dir='ltr'>nostros</span> <span class='ocrx_word' id='word_1_193' title='bbox 1601 1400 1684 1438; x_wconf 89' lang='lat' dir='ltr'>dies</span> 
     </span>
     <span class='ocr_line' id='line_1_59' title="bbox 1151 1458 1582 1503; baseline -0.002 -9"><span class='ocrx_word' id='word_1_194' title='bbox 1151 1458 1310 1495; x_wconf 83' lang='lat' dir='ltr'>Faciant</span> <span class='ocrx_word' id='word_1_195' title='bbox 1341 1458 1582 1503; x_wconf 87' lang='lat' dir='ltr'>laetissimos,</span> 
     </span>
    </p>

    <p class='ocr_par' dir='ltr' id='par_1_27' title="bbox 1096 1508 1714 1561">
     <span class='ocr_line' id='line_1_60' title="bbox 1096 1508 1714 1561; baseline -0.002 -9"><span class='ocrx_word' id='word_1_196' title='bbox 1096 1515 1157 1552; x_wconf 75' lang='lat' dir='ltr'>Ne</span> <span class='ocrx_word' id='word_1_197' title='bbox 1187 1515 1389 1561; x_wconf 87' lang='lat' dir='ltr'>languores</span> <span class='ocrx_word' id='word_1_198' title='bbox 1419 1508 1714 1552; x_wconf 82' lang='lat' dir='ltr'>aut&#39;maerores</span> 
     </span>
    </p>

    <p class='ocr_par' dir='ltr' id='par_1_28' title="bbox 1153 1570 1701 1618">
     <span class='ocr_line' id='line_1_61' title="bbox 1153 1570 1701 1618; baseline 0.004 -10"><span class='ocrx_word' id='word_1_199' title='bbox 1153 1571 1315 1608; x_wconf 72' lang='lat' dir='ltr'>Nostros</span> <span class='ocrx_word' id='word_1_200' title='bbox 1348 1575 1507 1618; x_wconf 83' lang='lat' dir='ltr'>gravent</span> <span class='ocrx_word' id='word_1_201' title='bbox 1537 1570 1701 1611; x_wconf 78' lang='lat' dir='ltr'>animos,</span> 
     </span>
    </p>
   </div>
   <div class='ocr_carea' id='block_1_25' title="bbox 1102 1693 1687 1910">
    <p class='ocr_par' dir='ltr' id='par_1_29' title="bbox 1102 1693 1641 1800">
     <span class='ocr_line' id='line_1_62' title="bbox 1102 1693 1641 1741; baseline 0.002 -11"><span class='ocrx_word' id='word_1_202' title='bbox 1102 1694 1228 1731; x_wconf 81' lang='lat' dir='ltr'>Mater</span> <span class='ocrx_word' id='word_1_203' title='bbox 1259 1693 1369 1741; x_wconf 77' lang='lat' dir='ltr'>bona,</span> <span class='ocrx_word' id='word_1_204' title='bbox 1401 1693 1509 1730; x_wconf 89' lang='lat' dir='ltr'>nobis</span> <span class='ocrx_word' id='word_1_205' title='bbox 1543 1693 1641 1731; x_wconf 87' lang='lat' dir='ltr'>dona</span> 
     </span>
     <span class='ocr_line' id='line_1_63' title="bbox 1156 1750 1569 1800; baseline -0.002 -13"><span class='ocrx_word' id='word_1_206' title='bbox 1156 1751 1273 1787; x_wconf 90' lang='lat' dir='ltr'>Tuum</span> <span class='ocrx_word' id='word_1_207' title='bbox 1306 1750 1569 1800; x_wconf 76' lang='lat' dir='ltr'>patrocinium,</span> 
     </span>
    </p>

    <p class='ocr_par' dir='ltr' id='par_1_30' title="bbox 1104 1807 1687 1910">
     <span class='ocr_line' id='line_1_64' title="bbox 1104 1807 1687 1853; baseline -0.005 -7"><span class='ocrx_word' id='word_1_208' title='bbox 1104 1807 1154 1846; x_wconf 78' lang='lat' dir='ltr'>Ut</span> <span class='ocrx_word' id='word_1_209' title='bbox 1187 1817 1385 1853; x_wconf 88' lang='lat' dir='ltr'>regnemus</span> <span class='ocrx_word' id='word_1_210' title='bbox 1418 1811 1454 1843; x_wconf 93' lang='lat' dir='ltr'>et</span> <span class='ocrx_word' id='word_1_211' title='bbox 1485 1807 1687 1844; x_wconf 88' lang='lat' dir='ltr'>laudemus</span> 
     </span>
     <span class='ocr_line' id='line_1_65' title="bbox 1159 1862 1624 1910; baseline 0.002 -10"><span class='ocrx_word' id='word_1_212' title='bbox 1159 1864 1278 1900; x_wconf 87' lang='lat' dir='ltr'>Tuum</span> <span class='ocrx_word' id='word_1_213' title='bbox 1311 1874 1462 1910; x_wconf 88' lang='lat' dir='ltr'>semper</span> <span class='ocrx_word' id='word_1_214' title='bbox 1490 1862 1624 1901; x_wconf 87' lang='lat' dir='ltr'>filium.</span> 
     </span>
    </p>
   </div>
   <div class='ocr_carea' id='block_1_26' title="bbox 1009 1985 1737 2486">
    <p class='ocr_par' dir='ltr' id='par_1_31' title="bbox 1009 1985 1737 2486">
     <span class='ocr_line' id='line_1_66' title="bbox 1038 1985 1737 2033; baseline -0.001 -9"><span class='ocrx_word' id='word_1_215' title='bbox 1038 1996 1075 2024; x_wconf 84' lang='grc'><strong>·.</strong></span> <span class='ocrx_word' id='word_1_216' title='bbox 1108 1986 1249 2023; x_wconf 85' lang='lat' dir='ltr'>Factor</span> <span class='ocrx_word' id='word_1_217' title='bbox 1280 1986 1395 2031; x_wconf 72' lang='lat' dir='ltr'>orbis,</span> <span class='ocrx_word' id='word_1_218' title='bbox 1428 1987 1491 2032; x_wconf 86' lang='lat' dir='ltr'>qui</span> <span class='ocrx_word' id='word_1_219' title='bbox 1525 1997 1594 2033; x_wconf 87' lang='lat' dir='ltr'>pro</span> <span class='ocrx_word' id='word_1_220' title='bbox 1625 1985 1737 2024; x_wconf 87' lang='lat' dir='ltr'>nobis</span> 
     </span>
     <span class='ocr_line' id='line_1_67' title="bbox 1162 2041 1611 2092; baseline 0 -13"><span class='ocrx_word' id='word_1_221' title='bbox 1162 2043 1282 2079; x_wconf 79' lang='lat' dir='ltr'>Natus</span> <span class='ocrx_word' id='word_1_222' title='bbox 1314 2053 1352 2079; x_wconf 91' lang='lat' dir='ltr'>es</span> <span class='ocrx_word' id='word_1_223' title='bbox 1380 2053 1425 2079; x_wconf 80' lang='lat' dir='ltr'>ex</span> <span class='ocrx_word' id='word_1_224' title='bbox 1458 2041 1611 2092; x_wconf 85' lang='lat' dir='ltr'>femina,</span> 
     </span>
     <span class='ocr_line' id='line_1_68' title="bbox 1105 2099 1543 2145; baseline -0.002 -8"><span class='ocrx_word' id='word_1_225' title='bbox 1105 2099 1235 2137; x_wconf 87' lang='lat' dir='ltr'>Crucis</span> <span class='ocrx_word' id='word_1_226' title='bbox 1266 2109 1388 2145; x_wconf 89' lang='lat' dir='ltr'>poena</span> <span class='ocrx_word' id='word_1_227' title='bbox 1419 2099 1543 2136; x_wconf 88' lang='lat' dir='ltr'>aliena</span> 
     </span>
     <span class='ocr_line' id='line_1_69' title="bbox 1163 2155 1637 2205; baseline 0 -13"><span class='ocrx_word' id='word_1_228' title='bbox 1163 2156 1231 2199; x_wconf 75' lang='lat' dir='ltr'>Qui</span> <span class='ocrx_word' id='word_1_229' title='bbox 1262 2156 1434 2202; x_wconf 85' lang='lat' dir='ltr'>purgasti</span> <span class='ocrx_word' id='word_1_230' title='bbox 1465 2155 1637 2205; x_wconf 85' lang='lat' dir='ltr'>crimina,</span> 
     </span>
     <span class='ocr_line' id='line_1_70' title="bbox 1009 2278 1700 2324; baseline -0.003 -6"><span class='ocrx_word' id='word_1_231' title='bbox 1009 2281 1075 2318; x_wconf 83' lang='lat'>23.</span> <span class='ocrx_word' id='word_1_232' title='bbox 1108 2279 1170 2316; x_wconf 90' lang='lat' dir='ltr'>Ad</span> <span class='ocrx_word' id='word_1_233' title='bbox 1202 2284 1239 2314; x_wconf 90' lang='lat' dir='ltr'>te</span> <span class='ocrx_word' id='word_1_234' title='bbox 1270 2278 1403 2324; x_wconf 81' lang='lat' dir='ltr'>clamo,</span> <span class='ocrx_word' id='word_1_235' title='bbox 1436 2281 1477 2315; x_wconf 84' lang='lat' dir='ltr'>ut</span> <span class='ocrx_word' id='word_1_236' title='bbox 1507 2289 1552 2315; x_wconf 86' lang='lat' dir='ltr'>ex</span> <span class='ocrx_word' id='word_1_237' title='bbox 1586 2278 1700 2316; x_wconf 88' lang='lat' dir='ltr'>hamo</span> 
     </span>
     <span class='ocr_line' id='line_1_71' title="bbox 1162 2334 1572 2381; baseline -0.002 -9"><span class='ocrx_word' id='word_1_238' title='bbox 1162 2335 1226 2372; x_wconf 86' lang='lat' dir='ltr'>Me</span> <span class='ocrx_word' id='word_1_239' title='bbox 1256 2335 1404 2381; x_wconf 84' lang='lat' dir='ltr'>peccati</span> <span class='ocrx_word' id='word_1_240' title='bbox 1434 2334 1572 2371; x_wconf 91' lang='lat' dir='ltr'>liberes</span> 
     </span>
     <span class='ocr_line' id='line_1_72' title="bbox 1106 2391 1637 2437; baseline -0.002 -8"><span class='ocrx_word' id='word_1_241' title='bbox 1106 2392 1155 2429; x_wconf 88' lang='lat' dir='ltr'>Et</span> <span class='ocrx_word' id='word_1_242' title='bbox 1187 2402 1347 2428; x_wconf 86' lang='lat' dir='ltr'>coronae</span> <span class='ocrx_word' id='word_1_243' title='bbox 1377 2391 1637 2437; x_wconf 85' lang='lat' dir='ltr'>sempiternae</span> 
     </span>
     <span class='ocr_line' id='line_1_73' title="bbox 1163 2448 1569 2486; baseline 0 -1"><span class='ocrx_word' id='word_1_244' title='bbox 1163 2448 1352 2485; x_wconf 88' lang='lat' dir='ltr'>Donativo</span> <span class='ocrx_word' id='word_1_245' title='bbox 1383 2457 1569 2486; x_wconf 82' lang='lat' dir='ltr'>muneres,</span> 
     </span>
    </p>
   </div>
   <div class='ocr_carea' id='block_1_27' title="bbox 1013 2571 1739 2779">
    <p class='ocr_par' dir='ltr' id='par_1_32' title="bbox 1013 2571 1739 2779">
     <span class='ocr_line' id='line_1_74' title="bbox 1013 2571 1694 2621; baseline -0.004 -10"><span class='ocrx_word' id='word_1_246' title='bbox 1013 2575 1078 2611; x_wconf 77' lang='lat'>24.</span> <span class='ocrx_word' id='word_1_247' title='bbox 1110 2572 1247 2610; x_wconf 83' lang='lat' dir='ltr'>Matris</span> <span class='ocrx_word' id='word_1_248' title='bbox 1277 2582 1391 2620; x_wconf 85' lang='lat' dir='ltr'>prece</span> <span class='ocrx_word' id='word_1_249' title='bbox 1421 2582 1480 2607; x_wconf 90' lang='lat' dir='ltr'>me</span> <span class='ocrx_word' id='word_1_250' title='bbox 1512 2571 1558 2608; x_wconf 89' lang='lat' dir='ltr'>de</span> <span class='ocrx_word' id='word_1_251' title='bbox 1589 2581 1694 2621; x_wconf 81' lang='lat' dir='ltr'>nece,</span> 
     </span>
     <span class='ocr_line' id='line_1_75' title="bbox 1167 2627 1646 2675; baseline 0.002 -11"><span class='ocrx_word' id='word_1_252' title='bbox 1167 2630 1282 2674; x_wconf 83' lang='lat' dir='ltr'>Quam</span> <span class='ocrx_word' id='word_1_253' title='bbox 1316 2627 1491 2675; x_wconf 76' lang='lat' dir='ltr'>formido,</span> <span class='ocrx_word' id='word_1_254' title='bbox 1523 2627 1646 2665; x_wconf 85' lang='lat' dir='ltr'>libera</span> 
     </span>
     <span class='ocr_line' id='line_1_76' title="bbox 1111 2682 1739 2729; baseline -0.005 -6"><span class='ocrx_word' id='word_1_255' title='bbox 1111 2685 1216 2724; x_wconf 89' lang='lat' dir='ltr'>Pelle</span> <span class='ocrx_word' id='word_1_256' title='bbox 1246 2688 1397 2729; x_wconf 76' lang='lat' dir='ltr'>metum,</span> <span class='ocrx_word' id='word_1_257' title='bbox 1431 2682 1492 2721; x_wconf 85' lang='lat' dir='ltr'>fac</span> <span class='ocrx_word' id='word_1_258' title='bbox 1518 2694 1577 2720; x_wconf 91' lang='lat' dir='ltr'>me</span> <span class='ocrx_word' id='word_1_259' title='bbox 1600 2684 1739 2720; x_wconf 89' lang='lat' dir='ltr'>laetum</span> 
     </span>
     <span class='ocr_line' id='line_1_77' title="bbox 1163 2740 1677 2779; baseline -0.002 0"><span class='ocrx_word' id='word_1_260' title='bbox 1163 2741 1306 2779; x_wconf 90' lang='lat' dir='ltr'>Cuncta</span> <span class='ocrx_word' id='word_1_261' title='bbox 1338 2751 1475 2778; x_wconf 87' lang='lat' dir='ltr'>sanans</span> <span class='ocrx_word' id='word_1_262' title='bbox 1507 2740 1677 2778; x_wconf 84' lang='lat' dir='ltr'>vulnera.</span> 
     </span>
    </p>
   </div>
  </div>
 </body>
</html>
