1785 3111
62 235 128 275 31.

60 758 126 795 32.

58 1416 125 1456 35.

60 1938 125 1978 36.

57 2447 124 2485 37.

694 117 1003 159 —605—

178 234 317 285 Credo,
350 234 436 281 pius
465 233 648 280 parvulus

230 291 302 329 hoc
333 302 407 328 non
437 290 674 335 abhorreret,

174 346 296 387 Immo
331 357 436 384 more
466 346 617 393 parvuli

230 403 359 442 forsan
389 403 578 441 arrideret

172 461 256 499 Nec
286 471 327 498 se
357 471 379 498 a
410 460 643 507 pauperculo

228 517 333 565 tangi
363 516 585 564 prohiberet

170 574 222 612 Et
252 574 397 621 petenti
429 573 577 611 veniam

229 629 342 668 facile
373 629 532 668 faveret..

172 755 302 803 Felix,
335 756 399 802 qui
430 759 520 792 tunc
551 755 732 801 temporis

229 812 343 849 matri
379 812 562 859 singulari

171 869 363 906 Potuisset
390 869 568 916 precibus

229 926 284 964 ita
314 924 506 972 famulari,

170 982 224 1021 Ut
253 982 293 1019 in
325 982 387 1020 die
417 982 559 1019 sineret

228 1040 344 1076 semel
375 1039 537 1076 osculari

175 1096 291 1134 Suum
323 1095 471 1133 dulcem
502 1095 702 1142 parvulum

231 1153 340 1200 eique
370 1152 502 1192 iocari.

883 233 947 271 33.

881 757 945 794 34.

995 232 1026 272 Ο
1057 243 1168 280 quarn
1201 232 1312 270 dulce
1342 232 1519 270 balneum

1053 290 1087 326 ei
1117 299 1420 337 praeparassem,

996 347 1026 385 Ο
1058 357 1169 393 quam
1201 346 1325 383 libens
1356 346 1495 383 umeris

1051 414 1186 449 aquam
1217 403 1495 451 adportassem‚

996 460 1157 498 Praesto
1188 460 1301 496 matri
1333 460 1471 507 virgini

1050 526 1201 563 semper
1231 516 1507 553 ministrassem

991 574 1250 621 Pauperisque
1285 573 1436 619 parvuli

1051 630 1238 676 pannulos
1271 630 1468 670 lavassem.

995 755 1058 793 Sic
1086 754 1220 792 affecta
1251 756 1315 801 pia
1348 765 1451 790 mens

1052 811 1133 847 sitit
1165 814 1443 858 paupertatem,

994 866 1079 906 Cibi
1110 868 1397 915 parcimoniam,

1052 924 1168 960 vestis
1200 924 1404 973 vilitatem,

993 980 1123 1018 Labor
1155 981 1189 1017 ei
1220 981 1383 1018 vertitur

1050 1038 1090 1074 in
1121 1037 1410 1084 iucunditatem,

993 1092 1123 1133 Vilem
1155 1105 1237 1131 esse
1269 1095 1410 1132 saeculi

1053 1151 1145 1188 dicit
1184 1155 1432 1189 venustatem.

502 1312 568 1349 IV.
616 1311 805 1349 Cantus
846 1311 908 1350 ad
950 1311 1190 1349 Tertiam.

171 1414 275 1462 Ergo
308 1414 362 1451 sic
392 1412 593 1451 infantiam

231 1470 373 1509 Christi
405 1471 623 1518 recolendo,

169 1528 302 1567 Horae
332 1527 479 1575 primae
511 1528 699 1565 canticum

228 1588 383 1622 strenue
413 1585 626 1634 psallendo,

170 1642 390 1680 Transitum
421 1641 470 1679 ad
502 1641 729 1679 Tertiam

229 1697 323 1736 facit
350 1698 566 1746 recolendo,

174 1755 325 1801 Quanta
357 1755 530 1793 Christus
562 1766 697 1802 passus
728 1758 785 1794 est

230 1812 399 1849 homines
432 1812 615 1850 docendo.

171 1936 278 1975 Tunc
310 1948 394 1975 cum
425 1935 517 1973 fietu
547 1937 681 1974 recolit
883 1939 949 1977 39.

227 1994 332 2032 illius
363 1993 527 2040 labores,

175 2050 298 2098 sitim,
332 2049 482 2096 famem,
515 2048 671 2100 frigora,

231 2112 360 2145 aestus
391 2111 428 2143 et
459 2107 629 2153 sudores,

171 2165 277 2212 Quae
309 2164 511 2211 dignanter
537 2163 695 2210 pertulit

229 2224 390 2268 propter
418 2224 653 2270 peccatores,

171 2277 274 2316 Dum
304 2278 457 2315 illorum
486 2277 604 2314 voluit

227 2335 410 2372 innovare
441 2343 577 2373 mores,

169 2445 264 2484 Mox
294 2446 435 2484 amoris
467 2443 614 2482 facibus
881 2447 949 2486 40.

227 2506 309 2540 tota
341 2506 581 2539 concremata

170 2559 282 2605 Oci,
314 2559 387 2597 oci
419 2559 589 2596 clamitat

228 2616 309 2654 avis
341 2616 436 2653 haec
467 2615 590 2662 beata,

169 2672 318 2711 Mundo
350 2673 447 2710 mori
477 2672 645 2721 cupiens„

226 2729 315 2776 quia
346 2730 409 2767 via
438 2729 528 2778 lata,

169 2785 220 2824 Ei
253 2784 373 2823 foetet
403 2786 555 2830 saeculi,

229 2842 284 2880 sic
314 2846 371 2880 est
403 2841 579 2882 delicata.

881 1415 947 1454 38.

994 1414 1142 1453 Clamat
1174 1424 1284 1460 ergo:
1318 1412 1494 1461 Domine,

1052 1470 1173 1507 dulcis
1205 1470 1459 1519 praedicator,

992 1527 1177 1566 Exsulum
1208 1525 1408 1575 refugium,

1050 1594 1260 1631 pauperum
1293 1588 1451 1630 amator,

994 1641 1065 1687 Qui
1097 1651 1135 1678 es
1166 1641 1440 1688 paenitentium

1053 1698 1139 1745 pius
1171 1698 1397 1745 consolator,

995 1757 1087 1794 Post
1118 1761 1156 1793 te
1190 1754 1303 1792 debet
1334 1764 1488 1791 currere

1052 1812 1172 1849 iustus
1205 1816 1241 1848 et
1272 1815 1465 1858 peccator.

996 1938 1101 1975 Iusto
1133 1936 1274 1984 quippe
1306 1935 1437 1983 regula

1051 1998 1116 2031 tua
1147 1998 1204 2030 est
1237 1993 1422 2040 doctrina,

995 2052 1242 2089 Peccatorum
1275 2049 1481 2096 speculum,

1052 2107 1154 2145 vitae
1187 2107 1400 2153 disciplina,

994 2165 1124 2202 Fessis
1158 2168 1193 2200 et
1226 2162 1418 2199 debilibus

1053 2219 1189 2257 efficax
1218 2219 1356 2265 resina,

993 2277 1130 2323 Aegris
1163 2280 1199 2313 et
1230 2274 1498 2323 languentibus

1049 2337 1184 2380 potens
1215 2332 1418 2370 medicina.

997 2447 1148 2484 Primus
1179 2446 1216 2482 in
1249 2446 1319 2483 hoe
1350 2444 1502 2482 saeculo

1052 2503 1221 2540 caritatis
1254 2503 1422 2540 scholam

994 2560 1233 2605 Instaurasti‚
1266 2568 1450 2607 quaerere

1053 2617 1192 2654 docens
1223 2616 1294 2654 Dei
1327 2616 1444 2654 solam

995 2672 1177 2717 Gloriam,
1212 2673 1403 2720 deponere

1050 2740 1203 2777 gravem
1235 2730 1366 2766 mundi
1397 2728 1534 2764 molam

991 2786 1042 2824 Et
1073 2787 1129 2823 sic
1159 2797 1270 2832 posse
1300 2785 1490 2832 perditam

1050 2842 1234 2880 rehabere
1265 2843 1414 2879 stolam.
