1785 3111
770 55 1078 96 —376—

294 173 330 210 8.
374 172 465 209 Alta
496 181 611 217 super
641 169 764 206 caelos
796 170 954 216 gemitus
985 170 1150 206 attendis
1180 169 1348 215 anhelos,

373 228 426 264 Te
457 228 566 274 polus
597 226 788 275 implorat,
822 236 925 262 mare
955 226 1084 274 servit,
1115 226 1276 262 mundus
1307 226 1455 274 adorat,

370 284 575 330 Angelicus
607 289 736 320 coetus
768 283 898 330 pangit
928 286 991 319 tua
1022 283 1148 320 munia
1179 283 1322 330 laetus3

371 341 424 377 Te
455 350 568 386 prece
600 340 785 385 condigna
817 339 990 388 petimus,
1025 338 1185 376 famulos
1216 350 1315 388 rege,
1349 338 1466 385 signa.

286 455 323 491 9.
371 453 497 490 Morte
528 452 791 499 gravabamur,
825 453 891 489 sed
923 456 959 488 te
990 452 1183 489 relevante
1213 452 1394 499 levamur⁷

369 509 466 546 Dum
499 520 599 546 mors
632 509 794 557 vivebat,
828 509 959 545 mortis
990 519 1057 545 nos
1089 509 1167 544 vita
1197 508 1406 555 premebat,

370 566 475 603 Mors
506 566 603 602 iacet
635 566 834 614 exstincta,
869 577 938 612 per
968 569 1007 602 te
1036 570 1123 601 sunt
1155 565 1279 602 vincla
1309 565 1506 612 revincta3

369 623 439 659 His
473 634 598 661 sumus
630 623 732 659 exuti
763 634 832 669 per
862 628 909 671 te,
945 623 1060 659 simus
1092 633 1181 668 ergo
1213 622 1337 660 soluti.

236 734 378 766 Collect.
412 745 474 764 nis.
501 735 714 775 Tegurinum
744 745 833 765 saec.
861 731 912 765 12.
963 734 1050 766 Clm.
1074 735 1253 765 Monacen.
1283 731 1323 764 18
1334 731 1400 765 580
1424 733 1465 764 Α.
1490 749 1533 754 -
1560 733 1703 765 Collect.

145 790 207 811 ms.
233 776 394 812 Roffens'e
425 790 511 811 saec.
543 778 592 811 12.
645 780 728 812 Cod.
754 779 921 810 Oxonien.
948 779 1060 810 Laud.
1090 779 1236 810 Miscell.
1261 777 1315 810 40.
1343 780 1378 810 B.
1404 795 1448 800 —
1473 777 1614 810 Collect.
1642 788 1703 809 ms.

144 827 358 857 Burtonense
381 835 470 856 saec.
493 823 542 855 123.
585 824 667 857 Cod.
685 825 878 856 Londinen.
898 825 1001 866 Vesp.
1019 825 1049 856 E
1069 826 1132 856 ΙΠ.
1152 825 1188 856 C.
1206 842 1250 845 —
1268 824 1410 856 Collect.
1437 834 1498 854 ωε.
1517 824 1704 865 Anglicum

146 880 235 902 saec.
271 869 321 903 13.
372 871 454 902 Cod.
488 870 657 902 Oxonien.
691 870 800 901 Laud.
834 870 982 902 Miscell.
1016 869 1092 902 500.
1118 871 1161 901 D.
1186 887 1231 891 -
1255 870 1397 901 Collect.
1431 880 1492 900 ms.
1520 869 1705 911 Anglicum

144 926 223 947 saec
262 914 312 948 13.
362 916 445 947 Cod.
479 917 647 947 Oxonien.
680 916 798 956 Dighy
829 914 881 946 65.
908 916 949 947 E.
975 932 1017 937 —·
1042 915 1137 947 Orat.
1168 926 1230 946 ms.
1256 915 1469 956 Tegurinum
1495 915 1579 946 anni
1607 912 1703 946 1469.

143 961 229 993 Clm.
254 963 432 993 Monacen.
460 959 589 992 20124.
614 961 651 992 F.

233 1005 308 1046 2,1
335 1008 464 1048 ubique
491 1007 526 1037 F
553 1023 589 1026 —-
621 1004 652 1043 3,
682 1006 697 1038 1
724 1008 798 1038 Rex
823 1017 899 1037 cum
924 1010 957 1038 te
982 1006 1024 1037 E.
1050 1024 1094 1027 —
1118 1003 1149 1043 3,
1180 1005 1370 1038 3.huncE
1396 1023 1438 1028 —
1464 1004 1495 1043 4,
1522 1004 1538 1036 1
1558 1005 1704 1036 scelera-

141 1055 245 1093 taque
271 1054 310 1083 B.
335 1070 378 1073 —
404 1051 442 1085 4.
468 1049 489 1083 3
515 1062 554 1083 ac
580 1052 659 1083 sede
685 1053 727 1083 D.
753 1069 796 1072 —-
821 1050 852 1090 4,
882 1050 903 1083 4
926 1052 1009 1083 Vita
1034 1062 1220 1093 plecesque
1246 1052 1294 1085 D:
1329 1051 1403 1083 illic
1428 1051 1526 1082 .4.CF
1557 1068 1598 1072 -—
1626 1049 1703 1089 5,1

143 1098 244 1130 Ceite
268 1100 341 1129 vita
366 1098 406 1128 4.
434 1115 478 1119 -
505 1095 535 1134 5,
562 1094 582 1127 2
609 1097 736 1128 seclusi
760 1098 807 1128 Βε
835 1098 1050 1139 recipiuntur
1073 1097 1114 1128 E.
1141 1114 1186 1117 —
1210 1096 1242 1134 5,
1267 1094 1288 1128 3
1313 1098 1420 1128 simus
1438 1097 1542 1128 ADF.
1568 1113 1614 1117 —-
1633 1074 1665 1135 6
1686 1094 1703 1128 1

142 1143 297 1174 barathri
323 1143 421 1174 datos
448 1143 525 1173 AF.
562 1142 716 1173 bar·athii
743 1142 839 1173 olaus
844 1146 914 1174 tros
939 1143 1012 1174 BD.
1039 1161 1079 1165 —
1108 1140 1194 1180 7,1
1222 1146 1336 1173 tumor
1360 1144 1398 1174 B.
1423 1160 1468 1163 —
1493 1140 1530 1179 7,
1556 1139 1576 1172 2
1600 1143 1705 1173 timor

141 1189 214 1221 AF:
248 1189 438 1230 gentilibus
467 1189 503 1219 F.
530 1205 574 1208 ——
603 1186 640 1225 7,
674 1185 694 1219 3
728 1188 825 1227 Quae
851 1189 947 1229 plius
973 1188 1016 1226 F,
1049 1189 1145 1229 prius
1173 1189 1281 1219 eirori
1308 1188 1357 1226 D,
1393 1198 1464 1218 non
1488 1166 1541 1219 es't
1565 1187 1634 1218 AF.
1659 1204 1704 1208 —

141 1232 173 1272 8,
198 1232 218 1265 2
244 1236 335 1266 servi
360 1235 402 1265 D.
428 1252 471 1256 —
496 1230 527 1270 8,
553 1232 574 1264 33
599 1238 659 1264 tua
684 1234 827 1264 numina
853 1233 931 1273 DF3
967 1236 1085 1264 coetus
1110 1235 1246 1274 peragit
1272 1233 1345 1264 DE.
1372 1250 1416 1253 —-
1440 1231 1472 1271 9,
1503 1232 1519 1264 1
1546 1233 1703 1264 relevare

142 1280 184 1311 D.
213 1297 252 1301 -
279 1278 308 1318 C),
335 1277 356 1311 3
381 1280 511 1310 revicta
537 1279 588 1318 D;
615 1289 731 1310 sumus
757 1288 837 1320 ergo
864 1278 900 1309 C.

455 1470 536 1505 290.
573 1471 630 1510 (4.)
668 1470 899 1505 Tristichon
924 1470 974 1505 ad
1003 1470 1186 1505 sanctam
1213 1469 1392 1505 Crucem.

321 1588 356 1625 1.
403 1588 432 1623 Ο
465 1597 568 1636 crux,
606 1585 795 1623 vivificum
827 1597 922 1633 quae
952 1587 1101 1635 pondus
1132 1586 1342 1623 sustinuisti

400 1644 449 1680 Et
481 1649 635 1690 portare
665 1643 784 1680 Deum
815 1654 896 1680 cum
930 1654 1088 1690 corpore
1120 1642 1364 1690 promeruisti

400 1700 584 1746 Nudaque
615 1700 797 1736 nudatum
828 1700 980 1737 Domini
1011 1710 1146 1746 corpus
1176 1699 1355 1747 tetigisti3

320 1803 357 1839 2.
405 1801 433 1837 Ο
466 1812 569 1850 crux,
604 1812 698 1847 quae
734 1802 895 1848 pretium
928 1801 1057 1838 mundi
1089 1801 1290 1838 benedicta
1320 1801 1441 1838 tulisti

404 1857 455 1894 Et.
485 1858 640 1894 rubeum
673 1857 786 1895 rubra
817 1858 971 1895 calicem
1005 1858 1051 1894 de
1082 1858 1159 1894 vite
1190 1857 1332 1905 bibisti,

398 1914 628 1960 Expugnare
657 1915 776 1951 malos
807 1915 877 1952 hoc
908 1915 1089 1962 sanguine
1120 1914 1378 1961 praevaluisti,

316 2018 354 2055 3.
400 2016 429 2053 O
463 2027 554 2052 crux
585 2016 777 2052 Iudaicam
812 2014 998 2052 feritatem
1034 2016 1245 2066 deseruisti,

401 2072 613 2109 Ecclesiam
644 2071 808 2110 fundans
840 2073 998 2120 gentiles
1029 2072 1230 2109 edomuisti

401 2129 451 2166 Et
484 2129 644 2166 domitos
677 2129 826 2166 Christo
858 2128 946 2166 fidei
978 2129 1144 2177 lymphis
1175 2130 1350 2176 genuisti.

318 2233 357 2269 4.
404 2231 433 2268 O
463 2242 567 2275 crux,
599 2241 694 2277 quae
726 2231 902 2268 Satanam
937 2231 983 2268 de
1014 2231 1188 2277 gentibus
1219 2231 1281 2268 his
1308 2231 1509 2281 pepulisti3

402 2287 662 2333 Mysterioque
693 2288 814 2324 crucis
847 2299 972 2325 veram
1004 2287 1173 2324 subolem
1204 2288 1387 2335 peperisti

409 2343 459 2380 Et
490 2344 616 2390 regale
647 2354 762 2390 genus
795 2344 992 2381 de·servis
1022 2344 1240 2392 instituisti;

329 2448 365 2483 5.
412 2446 442 2483 O
475 2456 579 2487 crux,
612 2451 699 2482 ante
730 2451 866 2482 metum
898 2446 1111 2483 viventibus
1142 2446 1357 2496 exhibuisti,

414 2502 540 2538 Morte
570 2508 719 2539 sacrata
750 2503 820 2539 Dei
849 2507 996 2540 terrore
1025 2503 1124 2539 malo
1155 2503 1322 2551 caruisti,

407 2558 507 2604 Ergo
538 2558 678 2604 places,
711 2571 732 2596 o
765 2571 868 2605 crux,
901 2570 996 2607 quae
1026 2560 1215 2606 quondam
1248 2559 1489 2605 displicuisti.

322 2661 358 2697 6.
405 2660 434 2696 O
467 2670 570 2704 crux,
604 2661 700 2697 velle
730 2662 825 2697 mori
856 2672 925 2708 pro
955 2660 1100 2698 iustitia
1129 2660 1306 2697 monuisti

404 2716 453 2753 Et
486 2720 673 2753 tormenta
704 2718 782 2764 pati
816 2718 954 2754 debere
984 2723 1067 2754 tuos
1101 2717 1261 2754 docuisti

407 2772 708 2821 Aethereamque
740 2775 889 2811 domum
922 2774 1014 2811 dare
1045 2780 1083 2811 te
1113 2773 1221 2810 nobis
1252 2771 1443 2819 pepigisti.
