1785 3111
97 452 119 488 6

74 1560 93 1597 1
102 1560 138 1596 O.

75 1833 141 1870 11.

170 170 307 208 Sancte
339 171 451 208 Petre
481 181 526 208 ac
556 170 674 208 Paule

171 227 379 274 Cunctique
409 227 587 275 apostoli,

168 285 246 321 Vos
277 288 383 321 orate
414 295 483 331 pro
513 284 651 321 vestris

168 341 398 379 Christianis
428 341 591 388 populis,

167 449 290 487 Iuncti
318 452 449 486 sancto
481 448 675 495 Stephano

167 505 345 544 Universi
373 509 575 552 martyres,

167 562 302 599 Estote
332 563 474 600 auxilio

167 620 312 666 Populo
344 619 543 656 catholico.

170 730 308 766 Sancte
340 727 460 777 Galle,
495 737 685 772 succurre,

168 785 306 823 Sancte
336 785 520 832 Ottmare,
552 783 723 829 subveni,

169 842 249 879 Nos
281 852 364 878 cum
397 839 677 878 confessoribus

165 898 396 936 Adiuvando
426 897 617 944 precibus

167 1007 197 1044 O
228 1010 374 1053 martyr
405 1005 588 1042 Felicitas

167 1063 313 1102 Cohors
343 1066 456 1109 atque
487 1062 688 1109 virginum,

168 1119 364 1157 Postulate
395 1130 464 1166 pro
494 1119 602 1156 nobis

166 1176 381 1215 Maiestatis
412 1176 629 1214 Dominum.

130 1316 138 1323 .
171 1286 309 1323 Omnes
340 1284 463 1321 sancti
495 1284 660 1330 Domini,

169 1341 307 1389 Angeli
335 1346 371 1378 et
401 1341 582 1391 homines,

169 1399 245 1436 Vos
275 1399 324 1436 ad
356 1409 466 1436 aures
499 1399 648 1435 divinas

168 1457 284 1494 Ferte
315 1466 447 1503 preces
479 1456 644 1494 sedulas

172 1559 225 1596 Ut
255 1558 363 1595 nobis
394 1558 567 1594 remissio

170 1616 417 1652 Peccatorum
450 1616 624 1661 donetur,

170 1673 281 1710 Aeris
312 1672 517 1718 temperies

169 1729 384 1775 Terraeque
415 1727 608 1767 fertilitas,

174 1832 311 1868 Pacem
345 1831 453 1868 nohis
484 1832 660 1878 imploret

171 1889 307 1926 Vestra
337 1888 573 1937 intercessio,

170 1945 381 1982 Sanitatem
414 1956 614 1992 corporum

169 2003 218 2039 Et
251 2013 418 2049 perenne
449 2003 640 2049 gaudium.

795 55 874 96 247

890 171 955 209 12.

891 449 956 487 13.

891 727 955 764 14.

895 1285 958 1322 16.

896 1558 959 1597 17.

896 1833 959 1870 18.

988 170 1039 208 Ut
1070 168 1208 207 famem
1240 172 1277 206 et
1307 169 1429 206 morbi
1460 170 1533 206 vim

987 227 1176 264 Amovere
1209 226 1386 273 dignetur

988 284 1236 330 Omnipotens
1267 284 1463 332 Dominus,

988 340 1166 378 Obtinete
1196 340 1386 387 precibus.

989 448 1042 486 Ut
1072 445 1244 485 saeviens
1278 448 1428 494 gladius

987 505 1039 542 Et
1065 516 1234 552 paganus
1265 505 1427 551 populus

988 561 1213 608 Depellatur
1246 573 1267 598 a
1297 561 1417 611 nobis,

986 618 1040 655 Te
1072 629 1259 665 rogamus,
1291 618 1464 657 Domine.

989 727 1042 765 Ut
1073 730 1264 772 pastorem
1297 726 1395 762 tueri

987 783 1169 820 Nostrum
1202 783 1296 819 velis
1327 788 1365 819 et
1397 784 1551 830 clerum,

987 840 1126 878 Omnes
1157 839 1269 876 simul
1301 850 1467 888 oramus,

986 898 1073 934 lesu
1105 896 1267 945 Christe,
1301 897 1391 933 audi
1422 908 1503 935 nos

951 1035 959 1042 .
993 1006 1045 1044 Ut
1077 1015 1144 1041 rex
1175 1008 1304 1040 noster
1337 1005 1586 1042 Chuonradus

989 1062 1082 1098 Eius
1115 1066 1153 1097 et
1184 1062 1373 1098 exercitus

989 1119 1090 1155 Hinc
1120 1122 1159 1156 et
1188 1118 1279 1155 inde
1310 1123 1494 1167 servetur,

989 1176 1171 1224 Oramus,
1216 1175 1387 1222 Christe,
1420 1176 1509 1212 audi
1542 1187 1621 1215 nos,

993 1285 1045 1323 Ut
1078 1294 1210 1320 cruore
1243 1284 1482 1330 redemptum

991 1341 1164 1379 Pretioso
1195 1341 1378 1387 populum

991 1398 1226 1435 Conservare
1258 1398 1438 1447 digneris,

990 1456 1169 1501 Oramus,
1214 1455 1386 1504 Christe,
1419 1455 1508 1492 audi
1541 1466 1621 1495 nOS.

992 1558 1151 1594 Animas
1184 1558 1390 1594 catholicas

993 1616 1036 1651 In
1068 1618 1223 1651 aeterna
1254 1615 1383 1660 requie

994 1670 1199 1708 Confoveri
1229 1671 1373 1709 iubeas.

992 1729 1173 1776 Oramus,
1218 1728 1388 1778 Christe,
1423 1729 1513 1765 audi
1545 1740 1626 1766 nos.

993 1832 1131 1869 Omnes
1162 1830 1233 1867 tibi
1265 1832 1446 1878 canimus,

991 1888 1171 1927 Universi
1205 1888 1410 1925 clamamus

991 1945 1157 1982 Yocibus
1189 1950 1225 1981 et
1259 1945 1457 1981 cordibus:

992 2003 1170 2047 Oramus,
1211 2001 1380 2050 Christe,
1422 2002 1511 2039 audi
1543 2013 1623 2042 nos,

451 2106 516 2144 19.
564 2105 738 2152 Oramus,
772 2104 938 2149 Christe,
973 2104 1062 2141 audi
1095 2116 1175 2151 nos,

564 2162 726 2205 Christe,
760 2161 925 2207 Christe,
958 2162 1047 2198 audi
1079 2173 1166 2207 nos3

563 2219 700 2266 Kyrie,
734 2218 889 2265 eleison,
924 2220 1105 2265 canimuS,

564 2276 727 2325 Christe,
762 2275 914 2324 eleison,
951 2275 1161 2321 psallimus,

147 2388 250 2429 Trop.
284 2398 347 2419 ms.
374 2388 605 2430 Sangallense
631 2397 722 2419 saec.
750 2386 801 2419 10.
853 2388 936 2419 cod.
963 2388 1165 2429 Sangallen.
1191 2386 1268 2420 381.
1294 2389 1334 2420 A.
1361 2406 1405 2408 —
1435 2389 1543 2428 Trop.
1568 2398 1629 2417 ms.

57 2433 312 2475 Bambergense
346 2444 435 2465 saec.
469 2432 519 2465 10.
570 2434 653 2465 Οοᾱ.
688 2435 916 2474 Bambergen.
943 2434 1007 2464 Ed.
1035 2435 1087 2464 111
1114 2432 1143 2464 7.
1170 2435 1207 2465 B.
1237 2453 1277 2456 —-
1311 2434 1379 2465 Rit.
1408 2437 1441 2465 et
1475 2432 1629 2464 Sacram.

59 2477 92 2509 S.
128 2479 256 2510 Albani
287 2479 444 2521 Magunt.
480 2489 568 2510 saec.
604 2477 654 2510 10.
706 2476 792 2511 Cod.
826 2479 1069 2511 Vindobonen.
1106 2476 1202 2511 1888.
1239 2480 1276 2511 C.
1312 2496 1353 2500 —
1388 2479 1530 2510 Collect.
1568 2489 1630 2510 nis.

60 2523 217 2555 Cellense
241 2522 310 2563 (vel
336 2525 627 2560 H01·nbacense?)
653 2535 741 2556 saec.
771 2523 821 2556 10.
863 2525 946 2556 (Jod.
975 2525 1132 2555 Vatican.
1160 2525 1272 2556 Palat.
1298 2523 1375 2556 489.
1395 2526 1436 2555 D.
1459 2541 1497 2544 ——
1524 2524 1631 2564 Trop.

58 2578 118 2599 ms.
134 2569 316 2601 Miudense
331 2572 412 2601 anni
430 2568 526 2602 1024.
558 2571 638 2601 Cod.
656 2571 854 2602 Berolinen.
870 2571 919 2601 IV
928 2577 942 2592 ’γ’
962 2568 1012 2601 11.
1028 2570 1070 2601 Ε.
1084 2588 1126 2591 —-
1148 2572 1250 2612 Trop.
1269 2582 1330 2601 ms.
1347 2570 1629 2601 Emmeramense

58 2623 146 2646 saec.
176 2613 262 2646 Uli-2.
290 2615 375 2646 Cim.
402 2617 583 2648 Monacen.
614 2614 740 2647 14083.
767 2617 804 2647 F.

149 2661 188 2698 R,
217 2660 230 2692 l
259 2663 354 2692 vocis
373 2662 415 2692 D.
435 2679 478 2682 —
503 2663 543 2697 R,
571 2659 591 2693 2
614 2666 650 2693 ut
678 2661 764 2693 fehlt
784 2663 824 2693 D.
843 2679 885 2683 —
913 2661 979 2693 Str.
1004 2660 1018 2692 1
1046 2661 1131 2692 fehlt
1149 2662 1190 2692 D.
1210 2678 1253 2682 —
1282 2661 1311 2699 l,
1340 2660 1352 2691 1
1384 2662 1513 2692 adiuva
1532 2661 1567 2691 F.
1589 2678 1629 2681 --

60 2702 89 2742 1,
114 2703 135 2735 4
153 2706 260 2747 lunge
280 2717 342 2737 nos
360 2707 402 2737 E.
420 2724 464 2728 —
489 2705 519 2742 ⁶2,
546 2706 561 2738 1
582 2710 710 2739 Sancta
729 2707 847 2738 mundi
867 2707 1007 2737 domina
1027 2707 1096 2738 ΟΕ.
1116 2725 1159 2727 -
1176 2705 1208 2742 2,
1226 2705 1247 2738 4
1265 2706 1335 2738 Ora
1354 2706 1628 2737 xl’«‘›YE.QY)1.

61 2750 102 2781 D.
133 2768 175 2773 —
213 2750 247 2786 3,
283 2750 302 2782 2
329 2753 416 2791 Quis
449 2754 540 2783 sicut
566 2754 661 2784 Deus
687 2753 724 2784 F.
751 2770 795 2774 —-
829 2751 862 2787 2,
902 2751 923 2783 4
948 2754 1019 2784 Nos
1052 2754 1171 2783 invato
1204 2753 1365 2793 precibus
1394 2754 1434 2783 D.
1460 2769 1504 2772 ἢ
1538 2750 1576 2787 4,
1610 2749 1631 2782 3

61 2795 237 2836 baptisma
262 2798 303 2828 D.
331 2815 371 2818 —
404 2795 442 2835 4,
469 2797 496 2829 ‘4
521 2799 593 2830 Nos
619 2799 694 2830 Deo
721 2798 870 2829 concilia
898 2799 938 2829 D.
966 2815 1008 2819 —
1039 2797 1077 2837 5,
1108 2797 1123 2829 1
1150 2798 1253 2829 Petre
1278 2808 1353 2828 cum
1382 2798 1492 2828 Paulo
1520 2798 1561 2827 Ι).
1589 2813 1631 2817 —-
