1785 3111
140 184 176 222 3.
223 183 291 219 Est
324 185 359 219 et
389 180 617 218 venerabilis
956 185 991 219 5.
1040 181 1200 219 Pudoris
1231 181 1443 228 incognitus

279 238 520 275 Sollemnitas
900 263 903 266 Δ
1096 239 1139 276 In
1171 242 1208 274 te
1239 238 1352 287 nitor,

221 295 340 331 Nobis
372 298 437 331 tua
467 294 605 331 nobilis
1041 295 1154 332 Cuius
1185 295 1311 331 nullus
1342 295 1462 331 coitus

278 350 479 400 Nativitas,
1097 352 1167 388 Est
1199 351 1382 400 cognitor,

225 407 405 454 Surgeret
434 411 473 444 ut
506 406 653 454 fragilis
1043 409 1102 446 Ex
1134 412 1170 444 te
1201 407 1310 445 nobis
1342 407 1467 444 editus

279 464 495 507 Humilitas‚
1096 465 1167 502 Est
1199 464 1385 509 conditor,

222 521 296 558 Per
327 532 438 567 quam
469 521 572 558 venit
602 521 754 557 humilis
1039 521 1146 559 Idem
1178 521 1248 557 tibi
1279 521 1428 568 genitus

278 577 498 614 Sublimitas
1096 578 1148 614 Et
1178 577 1338 626 genitor,

223 632 639 681 Incomprehensibilis.
1044 634 1168 671 Patris
1199 634 1427 681 unigenitus.

138 721 177 757 4.
223 720 339 766 Quam
372 718 443 755 tibi
474 729 547 756 vox
577 719 706 755 attulit
958 721 994 757 6.
1044 720 1098 756 Te
1131 719 1241 755 decet
1273 716 1485 755 fecunditas

277 775 473 824 Angelica‚
1099 775 1318 824 Virginalis‚

221 832 406 869 Mundum
439 832 540 869 salus
573 832 706 870 extulit
1042 832 1242 869 Luminum
1276 830 1463 868 festivitas

278 889 341 926 Ad
375 889 526 933 caelica,
1100 888 1313 937 Spiritalis3

224 946 331 982 Bona
361 956 486 982 secum
520 946 654 982 detulit
1044 945 1141 982 Cera
1172 949 1230 982 est
1260 944 1458 992 virginitas

276 1001 451 1048 vivifica,
1098 1001 1323 1050 Parentahs,

218 1059 322 1096 Mala
353 1058 461 1095 nobis
492 1057 649 1095 abstulit
1040 1059 1174 1095 Linum
1207 1062 1264 1095 est
1295 1057 1488 1096 humilitas

277 1114 470 1152 Mortifioa
1094 1115 1256 1161 Filialis,

222 1172 271 1209 Et
303 1172 341 1208 in
373 1172 532 1208 salutem
563 1171 734 1210 contulit.
1039 1172 1141 1219 Ignis
1173 1175 1230 1208 est
1262 1170 1454 1209 divinitas.

602 1258 622 1271 H

608 1270 638 1294 ι.
686 1257 791 1294 Ades
827 1267 916 1303 ergo
948 1257 1095 1294 miseris

749 1313 1005 1362 Supplioibus‚

688 1371 739 1407 Et
769 1371 890 1407 nostri
922 1371 1137 1407 memineris

745 1428 796 1466 Ut
828 1428 1018 1473 precibus,

687 1484 766 1520 Nos
798 1484 1000 1530 coniungas
1033 1484 1180 1530 superis

746 1540 965 1587 Spiritibus‚

689 1597 768 1642 Quo
800 1598 972 1643 praelata
1003 1597 1139 1633 ceteris

745 1654 980 1691 Caelestibus

693 1711 837 1748 Fruotu
868 1716 932 1747 tuo
962 1709 1112 1748 frueris.

229 1793 295 1834 Ep.
321 1794 398 1824 VII.
426 1810 470 1815 —
496 1793 669 1825 Dominae
702 1793 743 1825 de
774 1794 958 1825 Basoohiis
984 1794 1210 1826 honorandae
1235 1794 1423 1836 plurimum
1449 1797 1482 1824 et
1507 1793 1705 1834 diligendae

139 1838 207 1869 sibi
234 1838 403 1879 genetrici
429 1846 512 1869 suae
537 1839 591 1876 G„
616 1840 727 1879 primo
753 1841 892 1880 genitus
918 1841 1004 1871 eius.
1040 1856 1076 1860 <-
1102 1840 1166 1871 Am
1193 1839 1351 1871 Schluss:
1381 1840 1513 1881 „Quam
1533 1837 1707 1878 (Mariam)

144 1885 227 1923 quia
264 1883 382 1925 diligis
421 1886 454 1914 et
490 1883 660 1925 quidquid
692 1884 868 1925 intellegis
902 1886 1085 1916 concinere
1116 1884 1237 1916 laudes
1272 1887 1384 1926 ipsius
1418 1887 1451 1916 et
1484 1883 1527 1915 ad
1559 1884 1707 1926 gloriam

142 1930 326 1969 pertinere⁷
354 1929 453 1959 mitto
479 1929 543 1959 tibi
569 1929 724 1970 singulas
750 1929 800 1960 de
830 1930 1024 1972 singulis
1051 1931 1147 1961 eius
1170 1929 1570 1962 sollemnitatibus
1588 1929 1707 1961 lauda-

141 1975 247 2004 tionis
286 1970 532 2015 rhythbnicae]
565 1974 759 2012 clausulas,
791 1984 877 2014 quas
909 1975 1059 2007 edidisse
1093 1977 1167 2006 sive
1201 1976 1332 2007 dixisse
1365 1975 1526 2007 decenter
1556 1975 1599 2006 ad
1632 1976 1707 2006 eius

139 2018 305 2049 honorem
348 2029 417 2050 non
463 2020 552 2050 sinet
592 2021 887 2051 inremuneratum
929 2031 1021 2058 esse,
1061 2031 1150 2062 quae
1190 2023 1311 2062 genuit
1347 2021 1516 2052 bonorum
1552 2021 1706 2052 omnium

138 2062 372 2106 largitorem&
399 2081 441 2085 —
467 2065 572 2096 Mone
597 2065 641 2103 ΙΙ,
668 2063 688 2096 6
714 2076 747 2096 u.
773 2065 794 2096 f.

230 2110 268 2149 R,
295 2107 315 2140 2
341 2113 374 2140 te
400 2120 455 2141 am
482 2110 613 2141 Rande.
641 2127 681 2132 —
707 2108 739 2148 4,
766 2108 786 2141 3
807 2110 1107 2142 Bemerkenswert
1132 2111 1178 2141 ist
1203 2110 1265 2141 das
1283 2111 1385 2142 VVort
1411 2110 1506 2141 salus
1532 2111 1579 2141 im
1598 2111 1705 2143 Sinne

138 2165 206 2186 von
233 2154 417 2186 Salutatio.
467 2155 545 2196 Vgl.
571 2155 672 2187 Anal.
699 2156 824 2194 XLVI,
850 2154 881 2187 6.

592 2283 673 2319 350.
710 2284 768 2326 (7.)
803 2284 861 2318 De
891 2284 1033 2319 sancto
1062 2283 1242 2327 Aegidio.

384 2360 419 2397 1.
465 2360 578 2398 Alme
610 2358 803 2397 confessor
835 2361 961 2396 meriti
994 2361 1172 2409 potentis,

467 2415 623 2453 Gratiae
654 2417 836 2463 templum
868 2417 1197 2465 supereminentis,

467 2471 579 2509 Sume
611 2473 771 2510 devotae
801 2473 871 2509 tibi
904 2479 991 2510 vota
1021 2473 1158 2510 mentis

681 2530 785 2566 Aure
816 2529 991 2578 benigna.

383 2614 421 2650 2.
467 2612 569 2657 Quae
601 2613 765 2661 quidem,
799 2625 950 2660 semper
980 2613 1155 2660 quoniam
1186 2616 1331 2661 petenti

469 2669 594 2715 Larga
626 2669 823 2707 blanditur
853 2671 995 2717 gremio
1026 2670 1184 2716 patenti,

467 2725 505 2763 Si
537 2729 662 2762 tamen
695 2727 808 2772 digne
839 2730 961 2773 petat,
993 2731 1050 2762 est
1081 2724 1271 2772 frequenti

681 2782 860 2830 Suppliee
894 2782 1020 2829 digna.
