1785 3111
137 581 172 619 1.

768 68 1071 110 —648—

514 214 596 251 426.
633 215 690 257 (9.)
725 215 784 250 De
809 214 951 250 sancto
977 214 1143 250 Victore
1171 214 1323 250 cantio.

541 309 588 347 R.
637 310 667 347 O
701 309 801 345 diem
832 308 931 360 hunc
962 309 1258 355 pulcherrimum

695 365 909 402 Sollennem
942 366 981 402 in
1013 365 1225 412 condensis,

636 422 838 459 Excelsum
871 426 907 459 et
939 421 1171 459 uberrimum

693 479 912 517 Praeconiis
943 479 1157 515 immensis!

220 582 307 618 Iure
338 581 490 628 quidem
521 581 796 627 praedecorum

218 637 328 674 Diem
360 638 464 674 illum
496 642 735 684 posterorum

275 695 391 732 Stilus
424 695 488 732 dat
518 695 733 742 memoriae,

216 751 295 796 Quo
328 749 499 788 defertur
530 762 612 788 cum
644 750 782 789 festiva

217 807 376 844 Sanctus
409 808 538 844 Victor
571 808 759 857 comitiva,

272 865 386 901 Miles
418 865 516 911 regis
548 865 703 912 gloriae.

224 966 294 1012 Qui
325 966 382 1002 bis
415 966 533 1002 denus
567 967 603 1003 in
635 968 807 1013 Augusto

222 1023 426 1060 Adnuente
456 1022 538 1059 Deo
569 1023 667 1059 iusto

279 1079 412 1116 Clarus
444 1084 533 1115 tunc
565 1079 700 1115 enituit

220 1136 332 1173 Anno
361 1140 495 1182 quater
527 1136 555 1174 C
587 1136 741 1172 milleno

222 1193 438 1239 Quartoque
470 1197 506 1229 et
537 1203 736 1240 sexageno,

280 1249 412 1288 Clerus
443 1253 481 1286 ut
513 1249 690 1287 instituit.

219 1351 310 1388 Dies
341 1352 407 1388 ille
437 1351 636 1397 iubilaeus,

218 1409 298 1454 Quo
330 1409 514 1445 contritus
546 1409 669 1454 quivis
701 1417 786 1444 reus

274 1464 441 1511 Sumpsit
473 1465 762 1512 indulgentiam,

220 1521 320 1558 Hinc
350 1526 567 1570 portentum
598 1526 710 1568 atque
743 1521 835 1557 cleri

218 1579 355 1615 Xantis
387 1582 469 1615 erat
499 1578 638 1615 intueri

277 1635 461 1682 Vulgique
491 1636 759 1682 praesentiam.

218 1736 323 1773 Tunc
340 1736 573 1773 Francorum
594 1738 736 1774 clarum
754 1746 884 1784 genus,

216 1793 290 1830 Hic
322 1794 368 1830 de
400 1793 517 1831 Clivis
549 1794 624 1830 dux
657 1803 811 1830 serenus

273 1849 448 1886 Rutilans
480 1850 671 1896 apparuit,

219 1906 332 1944 Clara
362 1910 561 1942 venustate
593 1907 696 1943 cuius

218 1962 353 2000 Clarus
386 1962 466 1999 dies
499 1961 585 1999 festi
618 1963 727 1999 huius

274 2018 423 2056 Clarior
452 2018 643 2057 inclaruit.

133 2122 172 2161 5.
219 2120 281 2157 Sic
313 2120 463 2157 ducissa
494 2121 540 2157 de
573 2121 699 2158 ducali

222 2177 359 2215 Inclita
390 2177 641 2224 Burgundiali

275 2234 462 2271 Prodiens
493 2234 639 2281 origine

222 2289 331 2326 Diem
364 2291 489 2327 colens
521 2295 610 2327 tunc
642 2290 810 2328 divinum

216 2346 341 2383 Fulsit
372 2347 432 2385 hic
464 2351 502 2383 ut
534 2348 760 2385 matutinum

272 2403 385 2441 Sidus
416 2403 454 2439 in
487 2404 659 2450 caligine.

138 2507 177 2544 6.
224 2506 386 2550 Quorum
419 2506 497 2542 nati
529 2509 606 2542 tres
636 2505 797 2543 maiores

219 2561 313 2598 Tres
348 2560 453 2598 fuere
484 2562 687 2609 portitores

273 2617 405 2655 Nostri
436 2618 656 2666 primicerii,

220 2674 332 2711 Patre
363 2674 514 2721 quidem
546 2674 798 2720 praecedente

218 2730 385 2767 Primum
416 2731 612 2777 locumque
644 2731 845 2777 supplente

275 2787 386 2823 Tanti
418 2787 630 2825 ministerii.

983 583 1002 596 P*

987 596 1017 620 ί.

989 968 1024 1004 8.

957 1737 1021 1776 10.

957 2121 1021 2159 11.

956 2507 1020 2544 12.

1066 582 1135 620 Isti
1167 593 1256 619 sane
1286 586 1363 619 tres
1395 582 1555 629 venusti,

1062 641 1168 676 Aevo
1206 639 1281 676 iam
1320 643 1410 677 tunc
1440 650 1514 676 non
1547 639 1698 688 vetusti,

1121 695 1250 732 Potius
1281 695 1464 742 tenelluli‚

1067 751 1273 799 Deportati
1305 751 1559 798 deportabant

1066 809 1169 847 Clari
1201 809 1416 855 clarumque
1446 808 1663 846 tractabant

1122 865 1246 902 Duces
1278 870 1367 903 tunc
1397 865 1590 905 novelluli.

1070 967 1162 1004 Mox
1202 970 1243 1003 ut
1280 977 1407 1003 arcam
1439 966 1704 1013 amplexantur

1071 1023 1208 1069 Duces,
1239 1024 1342 1070 ipsos
1374 1023 1602 1060 comitantur

1130 1080 1293 1117 Comites
1321 1080 1484 1127 ingenui,

1072 1136 1172 1173 Hinc
1203 1137 1381 1184 insignes,
1413 1136 1501 1172 hinc
1531 1135 1705 1183 barones,

1073 1193 1217 1230 Milites
1248 1198 1361 1239 atque
1390 1193 1532 1229 tirones

1128 1249 1295 1286 Numero
1325 1260 1399 1286 non
1430 1249 1546 1286 tenui.

1070 1353 1186 1389 Porro
1218 1352 1341 1388 clerus
1372 1354 1592 1388 reverenter

1068 1408 1329 1447 Praecedebat
1361 1412 1397 1444 et
1430 1407 1609 1444 decenter

1127 1465 1310 1512 Congruis
1342 1464 1552 1511 ordinibus,

1067 1521 1197 1558 Mente
1228 1532 1384 1568 prorsus
1417 1521 1648 1569 devotizans,

1068 1577 1143 1615 Sed
1174 1582 1210 1615 et
1243 1578 1353 1625 digne
1385 1577 1649 1614 sollemnizans

1122 1635 1238 1671 Tubis
1271 1639 1307 1671 et
1338 1634 1580 1671 carminibus.

1070 1737 1207 1774 Troiae
1247 1747 1336 1773 vero
1378 1735 1487 1783 plebs
1524 1734 1704 1782 vulgariS,

1068 1793 1232 1839 Martyri
1263 1793 1480 1840 peculiaris,

1125 1850 1269 1888 Gressu
1299 1849 1497 1887 individua

1067 1905 1303 1944 Defensabat
1334 1917 1355 1943 a
1386 1916 1564 1953 pressura

1069 1963 1181 2010 Vulgi
1213 1963 1354 2000 clerum
1387 1974 1453 1999 sua
1485 1972 1575 1999 cura

1125 2019 1232 2056 Forti
1266 2023 1302 2056 et
1333 2020 1499 2056 assidua.

1070 2121 1127 2158 De
1158 2121 1336 2158 mandato
1369 2123 1658 2157 concurrentum

1068 2177 1168 2215 Data
1199 2177 1471 2224 quinquaginta
1502 2180 1651 2213 centum

1130 2234 1225 2272 Erat
1257 2233 1540 2281 plebanatuum,

1067 2290 1143 2330 Ubi
1173 2294 1306 2338 pastor
1334 2296 1371 2327 et
1401 2294 1582 2336 patronus

1069 2348 1172 2386 Civis
1203 2350 1285 2384 erat
1316 2351 1352 2384 et
1384 2348 1537 2384 colonus

1127 2404 1373 2441 Diversorum
1405 2407 1581 2443 statuum.

1066 2506 1161 2543 Erat
1193 2506 1275 2543 visu
1306 2509 1396 2542 tunc
1426 2505 1559 2552 vagari

1065 2563 1117 2600 Et
1149 2566 1357 2599 castrorum
1389 2561 1576 2607 speculari

1122 2619 1294 2656 Fortium
1327 2618 1558 2665 spectacula,

1067 2675 1206 2713 Coetus
1238 2685 1394 2721 quorum
1428 2672 1653 2711 feminarum

1067 2732 1218 2778 Vultus,
1241 2731 1374 2780 cultus,
1399 2741 1521 2767 mores
1543 2740 1700 2777 quarum

1122 2788 1243 2825 Erant
1273 2787 1415 2834 absque
1443 2787 1602 2827 macula.
