1785 3111
668 48 980 88 —115—

248 163 421 211 Namque
452 163 518 201 diu
548 163 718 201 lacrimis
749 173 899 212 pascor,
932 167 1155 210 noctemque
1188 161 1366 208 diemque

249 221 452 258 Consociat
482 221 657 268 gemitus,
691 220 812 256 tolero
846 220 933 256 dum
968 220 1069 257 dicta
1101 219 1306 267 ridentum,

247 277 313 314 Me
344 277 413 314 tibi
445 277 509 324 qui
541 278 669 314 vacuis
702 277 842 323 spebus
875 277 1038 314 servisse
1071 275 1257 314 ferebant.

249 334 352 371 Hinc
381 339 419 371 et
449 344 517 380 ego
548 333 658 371 laetis
690 340 835 370 maesta
863 335 962 370 inter
993 334 1131 380 gaudia
1162 333 1259 369 votis

172 392 221 429 10
253 390 417 429 Afficior
447 394 625 437 totusque
659 390 786 428 anima
819 391 1032 428 exsultante
1063 390 1246 434 resolvor,

252 451 330 495 Spe
363 451 502 493 certus,
536 447 711 494 quoniam
745 448 953 484 venerandi
984 447 1116 484 limina
1146 446 1276 495 templi

248 504 451 552 Ingrediar
482 506 706 551 genitorque
738 504 792 541 tui
824 505 893 541 sub
926 505 1088 541 nominis
1117 504 1204 540 aula

253 562 430 599 Carmina
460 561 631 598 laetitiae
663 561 862 608 laudisque
893 571 1029 598 sonare
1060 560 1238 607 perennis

255 621 333 656 Iam
367 619 479 655 liceat
509 617 690 665 fulvoque
722 618 843 664 lyram
876 628 1101 664 percurrere
1134 617 1292 664 plectro.

171 676 220 713 15
255 677 379 722 Quare
410 685 499 722 ergo
530 679 707 720 maestas,
740 685 845 711 mens
877 686 898 711 o
929 674 1178 721 gemebunda,
1212 674 1385 720 querelas

254 733 384 769 Volvis
417 736 452 768 et
483 732 668 769 anxiferis
702 731 870 768 turbaris
903 732 1030 768 saucia
1063 731 1162 768 curis
1175 729 1192 766 ἶ)

254 789 351 835 Quin
384 789 502 836 magis
534 800 556 825 a
586 788 750 826 Domino
782 788 898 825 vitam
932 799 1087 834 sperare
1120 792 1319 828 memento.

257 846 395 892 Credo,
427 845 512 892 pius
544 845 693 892 genitor
723 845 965 882 lacrimarum
998 844 1152 881 flumina
1184 845 1313 891 siccet,

254 903 393 940 Induat
423 906 460 938 et
490 902 683 948 placidum
717 902 839 938 dulcis
872 901 1060 938 confessio
1093 902 1252 941 vultum.

175 962 226 998 20
260 959 357 996 Nam
390 969 494 996 meus
525 959 674 996 interno
710 959 877 995 exundat
911 959 957 995 de
989 963 1143 1005 pectore
1173 959 1321 1007 luctus3

255 1016 381 1054 Meme
412 1016 554 1062 quippe
585 1016 639 1052 tui
671 1026 877 1052 memorem
910 1015 1016 1060 facit,
1048 1016 1146 1053 alme
1179 1019 1340 1066 creator,

258 1074 344 1119 lpse
376 1073 470 1109 situs
501 1073 662 1121 patriae,
696 1083 792 1119 quae
824 1072 984 1110 collibus
1016 1073 1182 1119 undique
1213 1073 1324 1109 laetis

257 1130 391 1168 Cincta
422 1130 529 1175 nitet,
560 1130 724 1166 mediam
758 1130 931 1167 Iordanis
965 1134 1002 1166 et
1031 1129 1141 1167 alluit
1172 1129 1274 1167 unda

256 1187 484 1223 Fecundans
518 1187 664 1233 patrios
696 1186 817 1223 vitreo
850 1187 896 1224 de
928 1187 1075 1234 gurgite
1107 1197 1274 1232 campos

173 1245 225 1282 25
259 1244 372 1290 Ecce,
406 1244 481 1279 tuis
512 1244 649 1281 tumidi
681 1244 792 1280 iussis
826 1242 954 1280 fremit
985 1244 1159 1290 aequoris
1190 1247 1330 1291 aestus,

259 1300 443 1347 Spumeus
474 1300 588 1347 inque
619 1301 742 1337 vicem
774 1299 903 1337 fervor
934 1301 1126 1337 concurrit
1156 1300 1297 1348 abyssi,

260 1358 324 1394 Me
356 1357 551 1394 coniurato
583 1362 733 1394 certans
765 1368 823 1393 me
853 1357 1019 1404 perdere
1049 1356 1178 1402 fluctu,

261 1414 336 1451 Sed
368 1420 432 1451 tua
463 1414 667 1451 mandatur
697 1414 833 1460 pietas.
868 1425 964 1461 quae
994 1415 1078 1451 luce
1111 1414 1186 1451 diei

261 1471 411 1508 Clarior
442 1481 462 1507 e
493 1472 647 1508 summis
678 1477 764 1508 atra
795 1471 864 1508 sub
896 1476 1006 1508 nocte
1037 1470 1214 1518 refulget.

177 1530 229 1567 30
261 1528 368 1565 Haec
398 1528 508 1565 labiis
541 1528 692 1578 clausis,
725 1528 793 1565 sed
825 1528 953 1566 cordis
985 1539 1077 1565 voce
1110 1527 1300 1575 frequenti

261 1585 459 1631 Deprecor
488 1585 698 1631 implorans
730 1589 820 1631 tete,
855 1597 942 1632 spes
973 1586 1084 1622 unica
1118 1586 1230 1629 vitae,

261 1642 330 1689 Qui
363 1652 434 1689 me,
465 1641 630 1689 inquam,
663 1642 765 1678 solus
798 1653 928 1679 sueras
962 1641 1169 1679 defendere
1200 1642 1246 1679 ab
1279 1641 1388 1678 hoste

262 1698 462 1745 Solarique
492 1699 578 1745 pius
607 1703 804 1739 maestum.
869 1701 980 1738 Nunc
1011 1710 1128 1746 quare
1159 1702 1319 1746 repente

261 1756 410 1793 Oblitus
442 1756 571 1792 miseri
603 1757 730 1794 vultus
761 1757 903 1793 avertis
936 1757 1073 1804 egenti,

182 1814 231 1851 35
267 1812 540 1860 Solivagusque
570 1823 692 1860 gemo,
725 1813 830 1851 dirus
863 1814 951 1850 dum
981 1813 1191 1860 praevalet,
1223 1811 1374 1849 hostis?

265 1870 335 1914 Qui
367 1880 449 1907 mea
481 1870 705 1907 decrucians
736 1870 873 1907 vinclis
906 1877 944 1907 et
975 1870 1134 1908 verbere
1166 1868 1349 1917 membra,

265 1927 428 1973 Insuper
459 1927 543 1975 ipsa
574 1925 656 1964 fero
687 1927 896 1964 bacchatur
925 1928 963 1964 in
995 1938 1081 1965 ossa
1111 1925 1240 1964 furore

260 1983 568 2030 Exprobratque‚
602 1984 657 2021 tui
690 1989 845 2021 cunctas
876 1984 1041 2022 lascivus
1072 1984 1112 2020 in
1143 1984 1257 2021 horas

263 2040 431 2087 Relligio
463 2041 564 2088 quod
597 2052 703 2078 cassa
734 2041 813 2088 fiat,
846 2041 1065 2088 frustraque
1096 2040 1256 2088 perenni

180 2099 233 2136 40
266 2097 428 2134 Sedulus
459 2098 692 2144 obsequium
721 2099 896 2135 arderem
930 2097 1082 2135 deferre
1112 2097 1274 2135 tonanti.

265 2154 340 2192 Sed
371 2165 475 2202 rogo,
509 2155 600 2201 quid
628 2157 769 2202 tristes,
802 2155 929 2192 anima
959 2166 980 2192 ο
1011 2155 1277 2200 tremebunda,
1312 2153 1482 2200 loquelas

269 2211 406 2248 Versas
439 2216 476 2248 et
506 2211 660 2258 stupido
692 2212 852 2249 variaris
883 2212 922 2249 in
950 2212 1063 2249 anxia
1095 2209 1282 2258 quaestu?

266 2268 469 2314 Desipiant
500 2269 615 2308 caeci.
649 2268 719 2305 tibi
750 2269 799 2305 sit
830 2279 917 2315 spes
948 2269 1059 2306 unica
1092 2268 1280 2317 Christus,

268 2325 409 2372 Terget
438 2325 486 2362 ab
517 2325 583 2362 ille
614 2326 734 2362 oculis
766 2326 908 2362 luctum
941 2327 1122 2372 vultuque
1158 2325 1349 2363 ruborem.

185 2385 235 2421 45
269 2382 339 2427 Qui
370 2382 462 2418 mihi
493 2392 632 2429 perpes
661 2383 733 2419 erit
763 2382 879 2427 Deus,
911 2383 968 2419 illi
998 2393 1117 2429 usque
1148 2393 1218 2429 per
1248 2392 1384 2419 aevum

269 2438 379 2476 Dona
411 2449 542 2476 canam
571 2439 728 2476 memori
760 2450 910 2486 semper
940 2439 1166 2486 replicanda
1198 2439 1333 2477 relatu.

156 2563 299 2595 Collect.
334 2572 397 2593 ms.
423 2562 654 2604 Sangallense
688 2573 778 2594 saeC.
807 2560 858 2594 10.
908 2562 992 2594 Cod.
1019 2563 1221 2605 Sangallen.
1259 2560 1335 2594 265.
1363 2562 1403 2594 A.
1422 2579 1463 2584 -
1491 2562 1634 2594 Colleet.

65 2617 127 2638 ms.
153 2609 188 2640 S.
213 2608 397 2639 Michaelis
421 2608 650 2650 Bambergen.
677 2619 767 2640 saec.
795 2605 881 2639 ¹⁰s'11.
931 2608 1014 2640 Cod.
1047 2609 1278 2649 Bambergen.
1310 2609 1338 2639 B
1371 2609 1405 2639 II
1442 2606 1491 2639 10.
1529 2608 1567 2638 B.
1593 2624 1636 2628 -

67 2653 211 2685 Collect.
237 2664 299 2685 ms.
324 2654 539 2694 Tegurinum
565 2664 656 2685 saec.
683 2651 771 2685 ¹0l11.
821 2653 908 2685 Clm.
934 2654 1116 2685 Monacen.
1146 2651 1267 2686 19413.
1293 2654 1330 2686 C.
1357 2671 1399 2675 —
1426 2653 1636 2684 Hoinil.1ns.

67 2698 427 2731 Benedictoburanum
454 2709 544 2731 saec.
572 2697 626 2731 Sla.
678 2699 765 2731 Clm.
791 2700 974 2730 Monac-en.
1000 2698 1100 2730 4547.
1127 2700 1204 2731 add.
1231 2710 1321 2730 saec.
1349 2697 1402 2730 11.
1430 2700 1471 2729 Di

157 2742 178 2775 2
204 2745 296 2776 alma
321 2745 371 2776 D:
388 2762 432 2766 -—
457 2742 477 2775 6
502 2746 662 2787 Namque
688 2745 748 2776 diu
774 2743 926 2776 lacrimis
952 2755 1076 2786 poscor
1101 2746 1141 2776 B.
1167 2763 1211 2766 —
1237 2744 1255 2776 T
1284 2745 1370 2777 Cum
1397 2745 1507 2775 sociat
1532 2744 1572 2774 A.
1595 2761 1637 2765 —

67 2785 88 2819 8
121 2791 204 2830 quia
237 2791 274 2821 B.
308 2807 353 2810 —
385 2788 404 2821 9
438 2786 566 2831 gaudia
598 2791 691 2821 veris
724 2791 761 2822 C.
796 2807 838 2812 —
874 2788 914 2822 10
948 2790 1090 2822 Afficiar
1120 2791 1232 2831 ACD3
1267 2790 1422 2821 resolvar
1459 2790 1560 2821 BCD.
1594 2804 1639 2809 —-

1380 2842 1429 2876 ὅ*
