1785 3111
721 106 1031 148 —621—

92 222 129 261 2.
177 219 338 258 Sanctus
370 231 416 258 ex
445 221 695 259 Alemanniae

178 277 384 316 Udalricus
414 277 620 315 maioribus

178 334 222 371 In
253 335 482 381 Augustensi
514 335 660 371 exst-itit

177 390 285 429 Urbe
315 395 425 428 natus
456 391 691 438 parentibus,

92 481 138 520 V.
176 482 289 519 Cuius
321 481 495 520 Ubaldus
526 483 685 529 genitor,

176 539 304 576 Mater
333 538 507 585 Teberga
536 538 684 586 opibuS,

176 595 386 632 Nobilitate
415 595 666 642 praeminent,

176 652 418 689 Decorantur
447 652 671 699 insignibus,

91 745 129 783 3.
172 743 246 780 Hic
276 743 476 781 Odelricus
510 744 708 790 duplicans

176 800 340 838 Talenta
369 805 502 847 pastor
533 800 657 837 ovium

175 856 299 893 Intrat
328 857 366 893 in
399 857 455 894 sui
486 857 639 894 Domini

176 914 316 951 Servus
346 913 471 951 fidelis
502 914 692 961 gaudium,

90 1003 135 1044 V,
172 1003 258 1041 Non
288 1004 326 1041 in
357 1010 459 1041 terra
490 1003 640 1041 fodiens

174 1060 389 1099 Abscondit
418 1061 630 1108 pecuniam,

175 1117 250 1155 Sed
279 1117 402 1164 ipsam
433 1118 662 1164 multiplicat

175 1174 349 1212 Prudens
381 1185 450 1222 per
479 1175 720 1214 industriam.

238 1299 291 1336 In
334 1301 370 1337 2.
413 1299 686 1338 Nocturno.

339 1364 586 1407 Aoztt‘phonae.

93 1447 130 1487 1·.
178 1447 295 1484 Serve
326 1446 493 1493 prudens
526 1450 562 1483 et
593 1446 731 1495 fidelis,

181 1503 391 1541 Subvenire
421 1503 531 1540 nobis
564 1504 672 1552 velis,

175 1559 363 1610 Odelrice,
398 1560 607 1597 colentibus

174 1616 228 1654 Te
258 1617 333 1654 tuis
364 1617 506 1654 sanctis
536 1617 728 1664 precibus.

91 1709 129 1750 2.
178 1708 335 1746 Praesul
365 1708 484 1745 mirae
512 1708 727 1746 sanctitatis

174 1765 246 1802 Est
275 1765 430 1802 talentis
463 1764 667 1812 duplicatis

175 1822 374 1860 Odelrieus
407 1832 489 1858 cum
521 1822 655 1860 beatis.

89 1913 127 1951 3.
173 1912 209 1950 A
238 1914 395 1962 paganis
425 1913 569 1950 incolas

229 1970 424 2017 Augustae
455 1969 746 2007 molestantibus

174 2026 344 2064 Odelrici
375 2027 514 2063 liberat

229 2083 332 2121 Deus
364 2082 609 2122 orationibus

327 2203 591 2248 Responsoria.

93 2286 129 2327 1.
175 2287 373 2325 Odelricus
405 2288 629 2334 conspicuus

171 2343 263 2381 Fuit
292 2344 392 2382 omni
422 2344 604 2390 bonitate,

171 2400 216 2436 In
246 2400 323 2438 fide
355 2411 435 2437 cum
469 2411 537 2447 spe
568 2399 729 2450 stabilis,

172 2456 301 2494 Fortis
332 2455 403 2494 fuit
433 2457 605 2495 caritate.

86 2546 137 2586 V.
174 2547 249 2584 Hic
279 2547 478 2585 Odelricus
509 2547 658 2595 patiens

171 2604 224 2642 Et
253 2614 370 2643 verax
400 2605 439 2642 in
471 2604 629 2651 eloquiis

170 2661 324 2708 Rectus,
355 2662 456 2698 mitis
488 2666 524 2698 et
555 2660 709 2698 humilis

172 2717 223 2754 Et
252 2717 374 2756 iustus
404 2719 442 2755 in
472 2718 637 2757 iudiciiS.

913 224 950 262 2.
996 223 1114 268 Quam
1147 220 1253 269 felix,
1283 219 1578 268 Augustensium

993 278 1108 324 Urbs,
1143 279 1247 315 cuius
1279 276 1513 324 pontificium

995 335 1098 372 Tuae
1129 335 1227 382 proli
1259 335 1437 373 Odelrico

995 392 1067 429 Dei
1098 392 1265 429 traditur
1295 391 1415 428 amico
1432 388 1485 439 ¹)!

994 448 1268 487 Miraculorum
1301 447 1468 495 fulgidus

994 505 1095 543 Mira.
1126 503 1198 542 fuit
1229 505 1415 543 claritate.

945 617 953 626 .
991 585 1115 633 Hunc,
1149 585 1355 622 christiana
1386 584 1523 636 contio,

994 643 1165 689 Implora
1196 642 1268 688 piis
1300 641 1487 690 precibus,

995 699 1045 737 Ut
1075 709 1144 745 per
1175 709 1282 735 suum
1314 698 1545 744 praesidium

990 755 1147 792 Loceris
1180 755 1274 791 caeli
1307 754 1474 793 sedibus.

939 866 947 875 .
994 834 1129 871 Nitore
1161 833 1404 870 castimoniae

993 891 1194 929 Odelricus
1228 890 1462 937 coruscabat,

994 947 1140 994 Corpus
1173 947 1398 984 conculcans
1430 949 1630 995 proprium

992 1004 1068 1041 Hic
1099 1003 1319 1051 frequenter
1348 1004 1552 1055 ieiunabat,

993 1062 1180 1099 Austerus
1212 1061 1273 1097 hic
1306 1061 1445 1108 vigiliis

991 1118 1077 1155 Hoc
1108 1118 1252 1155 orando
1284 1118 1508 1165 castigabat.

944 1227 953 1236 .
990 1198 1107 1245 Quam
1141 1197 1244 1234 clara
1276 1202 1311 1233 et
1342 1198 1597 1243 pulcherrima

993 1253 1063 1291 Est
1097 1258 1199 1291 casta
1230 1255 1435 1301 generatio,

995 1311 1114 1356 Quam
1146 1321 1229 1347 cum
1262 1311 1510 1358 eleemosynis

994 1368 1099 1405 Bona
1130 1378 1279 1414 semper
1310 1368 1448 1405 oratio!

1004 1471 1059 1508 In
1097 1470 1258 1507 tertio
1299 1470 1572 1510 Nocturno.

1162 1534 1406 1578 Antiphomte.

939 1638 947 1647 ,
994 1607 1100 1643 Inter
1130 1616 1257 1653 regem
1290 1611 1326 1643 et
1357 1605 1476 1643 filium

994 1663 1104 1701 Pacis
1136 1663 1326 1709 componit
1358 1661 1515 1701 foedera

995 1720 1194 1758 Odelricus
1227 1718 1408 1766 pacificus

995 1777 1067 1823 Qui
1098 1780 1233 1823 regnat
1264 1787 1379 1823 super
1409 1777 1549 1814 sidera.

938 1882 946 1891 .
994 1850 1106 1888 Tarri
1137 1850 1286 1887 sedavit
1316 1850 1497 1896 impetum

993 1907 1068 1945 Hic
1109 1907 1262 1954 praesul
1294 1907 1434 1944 sanctis
1466 1907 1657 1956 precibus,

992 1964 1045 2003 Ut
1077 1968 1176 2001 esset
1206 1968 1308 2001 tutus
1340 1964 1523 2001 transitus

992 2021 1174 2059 Transire
1205 2021 1305 2057 hunc
1337 2021 1565 2060 volentibus·

938 2126 946 2135 .
992 2095 1091 2133 Dum
1124 2095 1302 2132 Odelrico
1333 2094 1467 2131 aderat

993 2151 1215 2198 Corporalis
1246 2151 1427 2197 potentia,

992 2207 1220 2246 Celebrabat
1252 2207 1409 2244 cottidie

991 2265 1196 2302 Missarum
1227 2264 1289 2300 hic
1321 2264 1531 2301 sollemnia.

1146 2361 1218 2396 Res
1217 2362 1406 2404 poozsorz'af.

935 2464 944 2474 .
987 2434 1204 2472 odelricum
1237 2432 1454 2480 pontificem

991 2491 1230 2528 Honoremus
1261 2491 1495 2540 sollenniter,

989 2547 1083 2585 Eius
1113 2547 1246 2584 laudes
1277 2547 1496 2595 magnificas

990 2604 1240 2641 Personemus
1272 2604 1440 2642 suaviter

988 2661 1040 2699 Et
1070 2661 1169 2698 hunc
1201 2661 1348 2698 devotis
1379 2661 1557 2708 precibus

989 2717 1239 2764 Imploremus
1272 2718 1475 2767 humiliter,

181 2838 206 2877 ¹)
240 2842 314 2873 Das
338 2842 442 2874 Wort
465 2839 580 2873 amico
606 2841 722 2873 hinter
747 2841 778 2873 R
803 2838 835 2880 2,
860 2838 891 2873 6.
939 2841 1002 2873 Hs.
