1785 3111
767 81 1075 120 —255—

145 199 276 238 panton
301 198 420 226 craton
444 202 526 235 ysos
552 193 686 224 sodisse
711 196 745 224 te
771 196 893 234 pantes
919 194 971 233 Η,·
996 203 1078 234 ysos
1104 194 1237 225 sodisse
1263 196 1296 224 te
1322 196 1446 233 pontos
1471 194 1511 224 L.
1537 212 1578 216 —
1605 191 1658 231 20,
1684 191 1705 224 2

145 241 240 272 sub-2
270 241 383 281 syleos
414 249 538 280 ymon,
572 239 724 276 Christe,
758 238 901 290 eleyson
929 249 1029 279 ymas
1059 239 1105 280 Α;
1140 239 1189 270 Su
1223 238 1383 278 basyleos
1408 249 1530 279 ymon,
1555 239 1704 276 Christe,

145 287 285 327 eleyson
317 295 416 325 ymas
442 286 485 324 133
519 284 569 315 Su
602 284 755 315 basileos
789 285 898 320 imon,
931 284 1084 321 Christe,
1117 284 1250 316 eleison
1276 284 1363 314 imas
1385 284 1426 325 ῦς
1461 284 1533 315 Sub
1558 284 1705 315 basiltos

141 342 267 373 ymon,
300 330 450 367 Clniste,
477 329 619 370 eleyson
643 339 742 370 ymas
768 330 816 367 D3
854 307 924 360 §db
951 329 1079 360 asileos
1105 340 1209 361 3111011
1234 331 1281 369 G,
1314 329 1385 361 Sub
1411 329 1563 360 basileos
1589 340 1705 370 ymon,

143 377 246 409 Chris
250 380 293 414 te
320 353 452 406 eleison
475 385 574 415 ymas
600 376 684 414 HL,
713 374 784 406 Sub
809 368 962 405 basileos
986 385 1103 415 ymon,
1129 374 1276 413 Christe,
1305 375 1447 415 eleyson
1469 384 1569 427 ymas
1594 375 1636 405 K.
1662 391 1706 395 ——

146 424 251 458 116111
278 421 469 452 eiusdem
495 420 538 450 ad
565 421 822 461 processionem
839 419 961 450 (liebus
979 418 1183 451 dominicis“
1205 421 1251 458 A,
1281 421 1476 461 „Letania
1468 431 1504 451 in
1522 420 1705 451 dominicis

143 456 285 498 (11611115ί
318 468 365 499 G:
402 466 660 506 ,Dominieales
694 462 884 496 Letaniae“
912 465 938 495 Ι.
964 482 1008 486 —
1033 465 1102 495 Fiir
1133 465 1189 496 die
1222 465 1320 496 Fests
1307 465 1457 507 tellung
1490 465 1549 496 des
1578 465 1705 496 Textes

143 513 219 543 sind
244 512 298 543 die
324 511 419 542 nieht
438 512 487 543 St.
506 511 709 542 Gallischen
728 509 1002 541 Handsehriften
1028 520 1065 541 so
1093 514 1155 552 gut
1181 511 1246 541 wie
1271 511 1428 551 wertlos;
1456 511 1507 541 sie
1533 510 1707 542 schildein

142 558 224 588 aber
249 557 303 587 die
329 556 532 597 lituigisehe
558 556 833 597 Zelsungenheit
858 555 916 586 des
945 555 1083 587 LiedeS.
1125 556 1204 596 Vgl.
1229 555 1413 597 beziiglieh
1437 555 1550 587 diese1
1567 556 1707 587 Litanei

141 603 196 634 die
226 602 442 642 ssemerkung
467 601 668 633 Ekkeharts
695 612 735 632 w.
762 612 792 632 0.
819 602 855 631 111
880 601 940 631 der
969 601 1268 642 Vorbemerkung.

316 804 396 839 192.
435 804 493 846 (5.)
529 804 678 839 Versus
703 803 947 838 Hartmanni
977 803 1028 838 ad
1055 802 1350 847 suscipiendum
1374 803 1536 846 Regem.

347 932 503 978 Suscipe
536 932 770 975 clementem,
802 930 912 977 plebs
944 931 1203 980 devotissima,
1237 941 1364 978 regem

403 989 559 1034 Ducque
592 998 728 1024 canens
762 987 863 1024 Galli
894 992 995 1024 tecta
1025 988 1093 1024 sub
1127 989 1207 1024 alta
1238 989 1303 1035 pii.

348 1046 442 1089 Iam,
475 1045 686 1090 benedicte,
720 1044 819 1090 veni,
850 1049 974 1081 rector
1007 1044 1227 1091 dignissime
1259 1044 1402 1094 mundi,

403 1102 572 1138 Dextera
603 1105 639 1136 te
672 1101 813 1138 Christi
846 1105 1021 1147 protegat
1052 1112 1140 1137 arce
1177 1102 1268 1148 poli.

296 1163 317 1196 ἶ)
350 1159 508 1196 Actibus
539 1159 577 1194 in
610 1158 754 1194 cunctis
786 1157 857 1194 tibi
889 1169 1073 1204 prospera
1105 1162 1243 1195 cuncta
1275 1168 1438 1204 superne

405 1215 634 1251 Proveniant
664 1215 761 1250 votis
793 1220 830 1250 et
861 1215 942 1251 sine
972 1214 1045 1251 fine
1077 1215 1162 1260 piis.

350 1272 430 1308 Hoc
459 1283 526 1308 nos
558 1272 744 1308 instanter
775 1271 980 1318 rogitamus
1012 1276 1166 1317 pectore
1196 1270 1285 1316 fido,

407 1328 488 1365 Hoc
519 1328 681 1377 petimus
713 1339 842 1366 01111165
874 1333 983 1364 nocte
1014 1329 1150 1374 dieque
1181 1328 1306 1365 simul.

348 1385 401 1421 Te
433 1385 540 1421 nobis
572 1384 753 1421 blandum
786 1384 944 1421 dederat
973 1385 1128 1421 dilectio
1161 1384 1319 1431 Christi,

267 1444 314 1480 10
403 1441 473 1488 Qui
511 1446 657 1478 nosmet
687 1446 792 1478 tanta
824 1442 1028 1478 sedulitate
1060 1440 1165 1478 foves

352 1498 467 1534 Insita
498 1504 535 1535 te
565 1498 674 1535 nobis
705 1498 854 1535 bonitas
886 1503 922 1534 et
954 1503 1084 1535 sancta
1116 1498 1290 1535 voluntas

406 1558 506 1592 Ante
539 1555 643 1591 dedit
676 1566 816 1599 carum,
849 1566 957 1601 quan]
991 1565 1138 1601 quoque
1170 1555 1271 1592 visus
1303 1564 1399 1594 eras.

350 1612 513 1648 (feruere
544 1622 642 1648 nunc
674 1611 808 1648 faciem
841 1612 953 1648 liceat
986 1612 1125 1648 virtute
1156 1611 1351 1659 nitentem,

407 1669 520 1715 Optio
551 1668 651 1715 quod
683 1674 812 1706 nostra
842 1679 956 1714 saepe
988 1668 1115 1714 cupita
1145 1666 1228 1705 fuit.

267 1727 315 1764 15
351 1727 442 1773 Rex,
478 1725 650 1762 dominus
682 1736 822 1773 regum,
856 1724 979 1761 factor
1009 1729 1209 1770 rectorque
1241 1728 1453 1771 potentum,

408 1782 479 1828 Qui
510 1786 546 1818 te
578 1786 728 1818 terreno
760 1782 942 1827 praetulit
971 1782 1144 1827 imperio,

350 1839 422 1875 Hic
453 1842 490 1874 te
521 1838 707 1875 confortet
739 1849 888 1884 semper
919 1839 1058 1874 virtute
1089 1838 1265 1884 polorum

406 1896 456 1932 Et
487 1906 612 1932 secum
646 1906 761 1942 regno
792 1894 972 1932 laetificet
1003 1896 1157 1941 populo.

236 2020 338 2061 Trop.
365 2030 426 2052 1115.
453 2018 680 2061 Sangallense
706 2027 794 2051 saec.
824 2017 874 2051 10.
924 2019 1008 2051 Cod.
1034 2019 1235 2061 Sangallen.
1262 2015 1339 2052 381.

338 2220 417 2255 193.
455 2221 512 2261 (6.)
549 2221 593 2254 In
620 2219 883 2264 Susceptione
908 2219 1185 2263 Reliquiarum
1211 2220 1344 2255 sancti
1369 2220 1520 2263 Mag-ni.

403 2350 438 2386 1.
471 2349 571 2385 Mire
603 2354 822 2386 cunctorum
855 2349 957 2385 Deus
990 2353 1026 2384 et
1058 2352 1219 2397 creator,

470 2405 578 2442 Mitis
610 2409 646 2441 et
680 2405 789 2441 fortis
821 2405 1006 2441 solidator
1037 2405 1152 2451 orbis,

469 2462 565 2498 Vota
597 2472 790 2498 servorum
823 2462 892 2498 tibi
923 2461 1162 2498 subditorum

576 2518 717 2564 Aspice
749 2519 927 2558 clemens.

403 2632 438 2667 2.
472 2630 674 2676 Pangimus
707 2631 848 2668 clarum
881 2631 1010 2678 cupidi
1041 2631 1283 2678 triumphum,

474 2687 604 2723 Mente
635 2688 842 2733 gaudentes
873 2688 984 2724 simul
1015 2692 1052 2724 et
1082 2692 1295 2737 precantes,

472 2743 631 2779 Sanctus
663 2748 701 2780 ut
733 2755 912 2790 praesens
944 2755 1058 2791 super
1089 2749 1192 2782 astra
1222 2745 1389 2791 gaudens

579 2799 656 2837 Nos
685 2799 898 2840 benedicat.
