1785 3111
123 179 173 212 17.
214 182 242 213 O
268 184 425 222 patrona,
454 178 539 210 mihi
564 179 656 210 dona

259 226 361 267 (fingi
386 235 475 256 zona
501 234 617 262 aurea,

212 272 266 303 Da
291 280 498 308 successum,
521 269 571 301 fer
597 280 800 311 oppressum

258 317 371 357 Atque
395 316 524 347 fessum
550 325 677 347 recrea.

126 387 177 422 18.
217 391 329 430 Stirps
354 390 503 427 Iessaea,
530 389 599 420 dux
624 393 771 429 astraea,

258 435 338 467 Mea
362 439 457 477 terge
483 435 625 471 scelera,

216 481 262 512 Et
287 481 463 512 mundana
488 490 528 512 ac
554 480 707 511 humana

262 526 421 558 Clemens
447 536 533 557 sana
558 526 712 557 vulnera.

128 597 180 631 19.
217 600 246 630 0
273 601 405 642 regina,
430 599 497 631 huc
522 600 659 637 festina,

263 646 384 687 Plagis
409 646 492 676 vina
518 647 618 683 inice,

219 692 272 723 De
298 691 391 722 olivo
418 692 648 732 compassivo,

267 737 385 768 Donec
410 738 502 774 vivo,
530 735 639 768 refice.

129 807 184 843 2Ο.
222 812 290 842 Cor
315 820 517 852 compunge,
546 813 694 841 mentem
719 819 820 851 unge,

267 856 358 887 Vino
384 857 488 897 iunge
514 855 639 893 oleum,

222 902 292 932 Des
320 911 470 932 amorem
497 902 532 931 in
559 905 733 932 auctorem

268 946 313 978 Et
338 946 381 977 da
407 947 524 978 florem
550 948 700 978 niveum.

131 1017 184 1052 21.
222 1019 251 1050 A
277 1021 424 1051 terrenis
450 1030 513 1051 nos
539 1021 694 1058 venenis,

269 1066 377 1106 Virgo
402 1065 503 1103 lenis,
529 1065 649 1103 libera,

223 1110 440 1142 Medicamen
468 1114 501 1142 et
526 1111 682 1141 solamen

269 1156 469 1187 Vulneratis
495 1166 675 1197 praepara.

133 1226 186 1261 22.
224 1230 337 1271 Stirps
363 1230 503 1272 regalis,
529 1229 597 1274 dux
625 1230 744 1261 vitalis

270 1276 342 1307 Nos
368 1285 388 1306 a
413 1275 514 1306 malis
540 1277 646 1316 eripe,

225 1321 253 1351 A
280 1324 420 1362 peccato
447 1320 625 1352 defensato

273 1367 397 1397 Mortis
422 1366 530 1397 fracto
557 1367 722 1407 principe.

129 1437 183 1471 23.
221 1440 384 1472 Radianti
411 1444 443 1471 et
468 1440 627 1482 flagranti

267 1486 350 1527 Igne
376 1487 489 1517 sancti
514 1487 657 1526 spiritus

221 1532 390 1562 Ruiturae
414 1534 449 1562 et
473 1532 628 1572 impurae

267 1578 391 1608 Carnis
416 1587 477 1608 ure
502 1577 667 1608 fremitus.

131 1646 184 1680 24.
223 1650 439 1681 Reluctantis
465 1653 499 1681 et
524 1650 694 1681 obstantis

268 1695 402 1726 Blanda
425 1697 540 1726 carnis
568 1697 683 1737 iurgia

221 1741 274 1771 Tu
299 1751 478 1782 compesce
503 1742 561 1782 pia
586 1750 686 1782 prece

267 1786 454 1817 Mediatrix
479 1787 586 1827 regia.

133 1856 185 1890 25.
226 1859 335 1890 Maris
363 1860 475 1897 stella,
501 1859 589 1891 caeli
614 1860 712 1897 cella⁷

268 1905 457 1944 Interpella
481 1904 601 1943 filium,

224 1950 273 1981 Ut
298 1950 455 1989 placatus
482 1961 540 1981 rex
568 1951 688 1981 beatus

269 1995 428 2027 Praestet
452 2006 543 2026 nunc
568 1995 748 2027 auxilium.

863 65 944 106 480
1003 88 1059 92 -

941 176 995 211 26.
1033 178 1199 220 Speciosa
1223 179 1311 210 caeli
1337 189 1426 217 rosa,

1077 225 1240 257 Gloriosa
1265 224 1416 262 domina,

1034 270 1259 311 Corruptelae
1285 273 1318 301 et
1343 270 1504 311 querelae

1077 316 1226 347 Nostrae
1252 315 1328 346 dele
1354 316 1510 346 crimina.

943 386 996 421 27.
1033 389 1132 431 Roga
1156 390 1266 431 gratis
1291 389 1427 420 vultum
1451 391 1562 431 patris

1078 435 1145 466 Pro
1172 435 1324 476 peccatis
1351 435 1515 472 omnium,

1034 479 1080 511 Et
1104 479 1279 511 discordes
1306 480 1359 511 fae
1385 480 1572 511 concordes

1079 526 1230 567 Tergens
1258 525 1375 556 sordes
1402 527 1580 557 mentium.

946 596 999 631 28.
1036 600 1149 631 Mater
1174 600 1251 636 Dei,
1278 600 1314 630 in
1339 609 1409 641 qua
1433 600 1483 631 rei

1082 645 1224 676 Habent
1248 645 1323 686 spei
1348 644 1548 686 plurimum,

1037 691 1108 722 Nos
1133 690 1277 732 dignare
1302 693 1540 732 transportare

1081 735 1204 767 Mundi
1228 745 1322 767 mare
1347 736 1545 766 maximum.

949 807 1001 841 29.
1040 810 1091 841 Ne
1117 819 1280 847 erremus,
1306 812 1339 841 te
1367 809 1535 847 videmus,

1084 855 1183 886 Assis
1209 865 1333 893 remus,
1360 854 1520 891 anchora,

1039 900 1085 932 Et
1109 901 1241 942 ignaris
1267 900 1429 941 largiaris

1085 946 1194 977 Nobis
1220 947 1326 977 maris
1351 946 1466 977 litora.

948 1016 1001 1051 30.
1039 1020 1119 1051 Dux
1143 1019 1352 1058 credentum,
1379 1029 1457 1060 spes
1486 1021 1660 1051 iacentum

1085 1061 1171 1096 lube
1196 1067 1336 1096 ventum
1366 1065 1508 1103 conteri,

1042 1111 1098 1143 Sis
1123 1109 1323 1147 conductus,
1350 1120 1393 1141 ne
1418 1121 1479 1141 nos
1505 1111 1629 1142 fluctus

1087 1156 1214 1187 Poenis
1240 1157 1398 1197 mergant
1422 1155 1535 1187 inferi.

952 1227 1004 1261 31.
1043 1229 1153 1261 Stella
1178 1229 1294 1269 maris,
1321 1238 1410 1270 quae
1435 1230 1593 1270 probaris

1091 1274 1210 1306 Stellis
1236 1274 1340 1305 claris
1366 1274 1502 1313 clarior,

1043 1320 1132 1352 Vere
1158 1329 1245 1360 pura
1269 1323 1438 1357 creatura,

1090 1366 1180 1406 Ipsis
1205 1364 1312 1396 caelis
1339 1366 1467 1406 purior.

948 1437 1002 1470 32.
1041 1439 1151 1471 Stella
1176 1438 1306 1477 lucens,
1332 1449 1395 1470 nos
1421 1438 1627 1479 conducens,

1085 1485 1214 1516 Nostra
1242 1484 1395 1515 mulcens
1422 1487 1573 1525 pectora,

1040 1531 1094 1561 Da
1119 1530 1237 1570 quieta
1261 1534 1295 1560 et
1319 1529 1451 1570 repleta

1084 1576 1174 1606 Pace
1200 1574 1292 1606 laeta
1316 1578 1483 1616 tempora.

945 1646 1001 1681 33.
1040 1649 1131 1682 Urbs
1157 1648 1331 1686 conclusa,
1357 1659 1420 1680 nos
1446 1659 1573 1680 excusa

1084 1694 1190 1726 Prece
1215 1693 1292 1725 fusa
1315 1693 1400 1732 filio,

1036 1740 1083 1771 Et
1107 1739 1237 1780 repelle
1261 1740 1331 1770 vim
1359 1739 1531 1778 procellae

1082 1786 1178 1816 Tuae
1203 1785 1325 1816 stellae
1351 1784 1460 1816 radio.

949 1856 1004 1890 34.
1041 1859 1149 1890 Vultu
1174 1859 1244 1890 leni
1270 1859 1432 1900 princeps
1457 1859 1537 1890 veni

1087 1905 1258 1936 Nazareni
1285 1905 1443 1945 agminis,

1041 1950 1112 1980 Nos
1138 1949 1179 1980 de
1206 1950 1314 1990 portis
1343 1949 1441 1980 trahe
1466 1949 1598 1989 mortis,

1085 1995 1205 2025 Turris
1231 1994 1456 2025 fortitudinis.

553 2067 607 2101 35.
644 2069 758 2100 Iustos
784 2072 871 2111 tege,
898 2078 974 2100 reos
1000 2078 1089 2110 rege,

688 2115 800 2146 Mater
825 2124 937 2146 novae
965 2115 1109 2156 gratiae,

644 2160 714 2191 Nos
741 2159 924 2196 circumda,
952 2170 1013 2190 nos
1040 2158 1189 2190 emunda

688 2207 828 2237 Lavans
853 2205 945 2236 unda
970 2205 1102 2235 veniae.

227 2284 404 2315 Hiernaeh
431 2285 534 2315 Pater
560 2286 666 2321 Deus,
690 2283 738 2315 fili
765 2284 860 2315 Deus
886 2294 970 2315 usw.
996 2283 1065 2314 und
1091 2281 1245 2313 letztlich
1271 2281 1351 2319 XII,
1378 2278 1522 2312 26—40.

227 2331 335 2360 Pars
368 2330 431 2360 XV
456 2343 500 2354 =
526 2330 687 2370 Rhythm.
716 2330 793 2365 VII,
823 2327 855 2368 13
881 2329 979 2366 XIII,
1010 2326 1113 2365 1—9;
1143 2324 1291 2365 12—223
1321 2328 1364 2366 X,
1391 2323 1535 2357 :31—36.

136 2375 236 2413 Quod
262 2378 421 2415 optamus
448 2386 542 2413 usw.,
568 2376 672 2406 l'ater
698 2376 791 2406 Deus
819 2385 904 2405 usw.
930 2374 999 2405 und
1026 2372 1180 2406 endlich:

1592 2327 1696 2358 Dann

161 2452 188 2484 1.
227 2455 324 2485 Bona
349 2457 468 2491 mater,
494 2464 554 2495 per
579 2463 680 2495 quam
706 2454 812 2485 frater

272 2499 383 2530 Nobis
408 2503 525 2530 noster
550 2503 669 2530 auctor
693 2503 754 2536 est,

228 2545 304 2583 Qua
332 2546 446 2575 reatus
472 2545 642 2585 expiatus,

273 2589 325 2619 Ex
352 2599 418 2630 qua
447 2590 539 2620 Deus
566 2592 667 2620 natus
693 2593 755 2621 est.

159 2660 190 2693 [0

277 2708 477 2745 Lactavisti,
504 2707 660 2745 subveni,

230 2754 301 2785 Nos
328 2763 468 2784 accessu
496 2757 529 2783 et
555 2763 715 2783 successu

274 2799 374 2829 Dona
399 2799 478 2829 Iesu
504 2798 656 2829 Domini.

228 2663 374 2703 Propter
399 2662 508 2699 illum,
535 2673 636 2703 quem
664 2662 827 2703 pusillum

971 2450 1002 2484 3.
1042 2451 1110 2483 Fili
1135 2452 1234 2489 bone,
1261 2451 1368 2482 menti
1397 2459 1525 2491 pronae

1086 2498 1221 2528 Bonum
1248 2506 1348 2527 omne
1373 2496 1517 2533 tribuas,

1042 2543 1185 2583 Propter
1210 2545 1354 2572 matrem
1381 2541 1582 2581 sospitatem

1087 2588 1200 2628 Atque
1225 2596 1343 2628 pacem
1370 2595 1514 2617 annuas.

974 2659 1005 2692 4.
1044 2660 1209 2692 Actiones
1236 2663 1270 2690 et
1295 2668 1468 2690 sermones

1089 2705 1197 2736 Nobis
1223 2704 1329 2735 dones
1355 2714 1472 2744 regere

1043 2751 1089 2782 Et
1113 2751 1264 2791 peccatis
1290 2748 1485 2780 emundatis

1088 2795 1229 2826 Vultum
1255 2795 1363 2835 patris
1387 2804 1537 2825 cernere.
