1785 3111
797 107 1106 147 —444—

176 227 248 264 35.
282 224 407 261 Vitam
439 224 576 260 laetam
609 226 644 258 et
677 222 839 269 quietam
1003 222 1068 262 39.
1101 223 1152 262 Ut
1186 226 1374 259 restaures
1396 233 1474 271 nos,
1509 221 1601 259 haec
1619 231 1730 259 aures

339 281 418 317 Fac
446 289 512 316 nos
544 289 695 325 semper
724 288 846 326 agere,
1158 279 1257 315 Tuas
1289 279 1414 324 pulset
1444 278 1631 325 precibus,

282 336 336 375 Ut
366 335 516 372 virtutis
549 340 585 372 et
616 335 748 373 salutis
919 354 923 358 -
1100 335 1205 372 Haec
1237 338 1419 372 sustentet
1451 338 1485 371 et
1513 338 1731 381 praesentet

338 392 579 430 Gaudeamus
610 402 776 429 munere.
1156 391 1246 428 Tuis
1277 401 1343 429 nos
1375 391 1603 438 aspectibus

181 507 253 545 36.
287 505 457 552 Supplex
488 516 566 548 oro,
599 508 639 541 ut
670 505 708 541 in
741 504 854 541 choro
1002 505 1069 543 40.
1103 506 1184 542 Rex
1216 508 1380 555 aeterne,
1414 504 1477 551 pio
1509 515 1620 542 cerne

338 562 391 599 Te
422 566 637 598 sanctorum
669 561 817 598 videam
1160 561 1357 609 Supplices
1389 561 1529 598 iutuitu

282 619 333 655 Et
367 618 516 655 divinae
547 618 628 654 sine
658 617 731 654 fine
1100 618 1149 655 Et
1181 618 1330 654 illustra
1364 617 1480 655 corda
1512 621 1640 655 nostra

341 675 448 712 Dono
479 674 572 712 lueis
604 674 800 721 gaudeam.
1154 674 1233 711 Tuo
1262 677 1392 711 sancto
1424 674 1572 720 spiritu.

181 789 247 827 37.
281 788 367 825 Iesu
401 787 564 834 Christe,
598 797 666 834 per
697 797 804 834 quem
836 787 907 824 iste
1002 787 1069 826 41.
1104 788 1266 833 Propter
1281 786 1398 834 illam,
1419 786 1729 834 quaemamillam

340 844 506 882 Mundus
538 845 661 891 primo
691 843 812 881 factus
845 848 913 890 est,
1158 843 1245 880 Tibi
1279 844 1384 880 dedit
1415 843 1585 891 parvulo,

282 901 540 950 Homo-Deus,
571 911 640 947 per
671 911 778 948 quem
811 911 895 937 reus
1099 901 1375 937 Munimentum
1406 905 1441 937 et
1473 903 1712 947 augmentum

340 957 460 994 Homo
492 957 674 994 liberatus
706 961 784 1002 est‚·
1156 957 1235 993 Tuo
1267 960 1419 1003 praesta
1451 956 1602 1003 populo.

181 1070 248 1108 38.
282 1070 488 1107 Metuende
520 1081 596 1119 rex,
633 1069 795 1107 defende
1002 1072 1067 1108 42.
1102 1070 1237 1106 Pastor
1268 1069 1375 1116 bone,
1409 1080 1430 1106 a
1461 1070 1568 1106 leone

342 1126 420 1163 Nos
451 1138 473 1164 a
503 1127 612 1163 malis
644 1127 814 1164 omnibus
1157 1127 1256 1163 Tuas
1288 1136 1376 1163 oves
1408 1126 1528 1163 libera

286 1183 421 1230 Redde
452 1183 571 1220 vicem
603 1183 700 1220 hanc
733 1182 880 1220 felicem
1102 1182 1151 1219 Et
1184 1193 1266 1219 cum
1298 1183 1388 1229 illis7
1422 1183 1485 1230 qui
1516 1182 1554 1219 in
1588 1182 1703 1219 caelis

338 1240 499 1277 Mariam
533 1240 757 1278 colentibus,
1160 1238 1350 1287 Gaudent,
1383 1250 1449 1276 nos
1481 1239 1703 1276 adnumera.

539 1354 605 1391 43.
638 1353 731 1399 Regi
763 1364 896 1400 magno
928 1353 1009 1390 laus
1042 1358 1077 1389 et
1110 1363 1217 1402 agno,

694 1410 797 1447 Patri
830 1414 941 1456 atque
973 1409 1050 1446 filio

636 1466 888 1513 Flauumque,
922 1466 985 1513 qui
1017 1466 1166 1512 utrique

695 1524 860 1569 Compar
890 1527 947 1560 est
975 1523 1147 1569 imperio.

748 1692 1030 1740 Rhythmus
1072 1691 1141 1729 XI.

208 1808 248 1845 1.
281 1807 482 1843 Beatarum
516 1804 737 1842 seminarum
1030 1808 1066 1843 5.
1102 1805 1149 1842 Ut
1183 1815 1254 1842 non
1284 1805 1408 1852 segnis
1431 1805 1583 1842 summis
1605 1805 1730 1853 regnis

343 1863 455 1909 Virgo
490 1861 719 1908 beatissima,
1155 1861 1370 1898 Admisceri
1403 1861 1586 1911 studeam⁷

282 1919 392 1956 Illum
411 1928 563 1966 gerens‚-
575 1918 636 1964 qui
650 1929 716 1954 nos
729 1927 912 1964 quaerens
1100 1918 1156 1955 Ne
1187 1917 1233 1955 ab
1266 1919 1347 1956 istis
1379 1919 1484 1954 exsul
1515 1918 1634 1954 tristis

340 1975 513 2013 visitavit
545 1973 685 2019 infima,
1154 1974 1242 2013 Sine
1274 1974 1345 2011 tine
1377 1985 1558 2012 maneam.

208 2090 248 2127 2.
281 2089 396 2135 Regis
428 2091 560 2134 mater,
593 2087 698 2124 cuius
729 2091 838 2132 pater
1028 2089 1064 2125 6.
1099 2087 1128 2124 O
1159 2087 1269 2124 beata
1301 2086 1389 2124 fiant
1421 2092 1527 2133 grata

340 2145 423 2182 Non
453 2144 627 2191 cognovit
659 2142 848 2191 feminam,
1158 2143 1296 2180 Nostra
1329 2143 1396 2180 tibi
1429 2144 1586 2183 cantica.

280 2202 408 2239 Mater
441 2202 530 2249 eius,
565 2200 694 2238 mundi
724 2200 831 2237 huius
1099 2200 1178 2237 Nec
1209 2200 1257 2236 sit
1290 2200 1375 2236 vilis
1407 2200 1499 2238 haee
1531 2200 1639 2236 exilis

342 2257 410 2303 Qui
442 2257 624 2305 gubernat
658 2257 880 2297 machinam.
1155 2255 1241 2292 Tibi
1272 2256 1352 2293 laus
1384 2262 1418 2292 et
1450 2257 1610 2295 modica.

206 2371 247 2408 3.
279 2371 381 2416 Quae
410 2370 563 2406 caelesti
595 2370 812 2416 adimplesti
1029 2371 1064 2408 7.
1099 2369 1234 2407 Grates
1266 2369 1383 2417 solvo,
1418 2369 1504 2405 dum
1537 2369 1702 2416 revolvo,

336 2427 470 2463 Totum
503 2426 631 2463 orbem
665 2427 851 2473 dogmate,
1153 2427 1299 2473 Quanta
1329 2425 1436 2462 nobis
1469 2423 1618 2473 feceris,

279 2483 357 2520 Nos
389 2483 561 2527 emunda,
595 2493 690 2528 quae
723 2482 885 2520 fecunda
1094 2481 1728 2529 Dumperpendo‚quamhorrendo

335 2540 455 2576 Facta
480 2549 519 2575 es
552 2539 788 2578 charismate.
1150 2539 1253 2576 Malo
1283 2549 1350 2575 nos
1380 2538 1627 2576 subtraxeris.

208 2655 251 2690 4.
285 2652 343 2689 De
374 2656 526 2688 terreno
558 2650 618 2688 fac
648 2662 706 2687 me
738 2661 852 2688 caeno
1031 2653 1066 2690 8.
1101 2651 1250 2690 Crimen
1282 2651 1386 2687 Evae
1418 2649 1507 2687 fecit
1540 2650 1653 2687 breve

339 2709 434 2745 Nisu
465 2709 601 2744 mentis
633 2717 785 2754 surgere
1156 2707 1318 2744 Nostrae
1350 2707 1449 2743 vitae
1480 2707 1653 2756 spatium,

282 2766 408 2812 Atque
439 2768 556 2801 totum
588 2774 709 2801 meum
742 2768 867 2800 votum
1098 2763 1272 2801 Infinitac
1303 2773 1372 2810 per
1402 2767 1438 2799 te
1470 2764 1568 2800 vitae

340 2821 402 2859 Ad
435 2831 577 2858 summa
611 2821 785 2867 dirigere.
1154 2820 1272 2857 Nobis
1303 2821 1414 2857 datur
1445 2819 1634 2866 gaudium,
