1785 3111
769 78 1075 119 —620—

140 193 209 232 7a.
254 192 392 229 Servus
424 191 544 229 bonus
575 192 775 230 Odelricus
961 194 981 231 7
1001 192 1037 232 b.
1070 193 1257 231 Vitiorum
1288 194 1462 231 inimicus

251 248 404 285 Domini
435 247 507 285 fuit
537 249 691 299 amicus,
1071 250 1148 288 Dat
1180 250 1358 288 virtutum
1392 251 1522 288 dulces
1553 250 1646 289 ficus

310 304 508 342 Modestus
540 305 805 355 temperantia,
919 352 923 356 Β
1130 307 1245 345 Suavi
1277 318 1360 344 cum
1393 306 1614 356 fragrantia.

140 397 210 434 Sa.
253 395 443 443 odelrice,
476 396 585 433 nobis
618 397 728 443 dona,
960 399 982 436 8
1001 397 1038 436 b.
1072 398 1116 435 In
1145 408 1310 445 superna
1342 398 1436 436 caeli
1467 410 1574 446 zona,

254 450 501 490 Perfruamur
531 457 573 489 ut
605 464 745 491 corona
1071 455 1116 492 In
1148 466 1221 501 qua
1253 455 1360 492 bonis
1393 461 1527 493 cuncta
1555 456 1654 493 bona

308 508 411 546 Tuae
442 509 567 556 precis
598 510 778 548 instantia
1131 511 1380 549 Praestantur
1411 513 1482 550 Dei
1514 512 1649 560 gratia.

586 675 671 712 403.
708 678 765 720 (5.)
801 677 858 712 De
885 678 1027 714 sancto
1055 679 1266 715 Udalrico.

838 746 1009 780 Officium.

303 839 354 876 In
398 840 434 877 1.
479 838 736 885 Vesperis.
1125 842 1197 879 Ad
1238 842 1551 882 Matutinum.

395 903 641 946 Antiphonem.
1202 906 1469 940 Iozvz'tatorz'zmz.

142 988 178 1025 1.
226 986 291 1023 Ad
324 985 492 1024 Odelrici
523 986 711 1032 praesulis
1052 984 1296 1021 Exsultantes
1328 983 1529 1021 iubilemus

224 1043 380 1079 Festum
410 1047 636 1079 concurrant
667 1042 811 1089 populi,
1103 1040 1353 1086 Redemptori
1383 1041 1560 1088 omnium,

227 1100 338 1136 Hunc
370 1099 556 1136 honorent
588 1109 668 1135 cum
701 1099 839 1147 gaudio
1047 1097 1118 1144 Qui
1149 1097 1331 1144 perduxit
1362 1098 1580 1135 Odelricum

228 1156 373 1204 Magni,
406 1157 579 1201 maiores⁷
613 1155 775 1202 parvuli.
1103 1155 1165 1193 Ad
1199 1154 1363 1190 caeleste
1394 1154 1540 1194 solium.

141 1248 179 1284 2.
229 1248 271 1284 In
304 1247 424 1284 sancti
456 1246 686 1284 monasterio
1110 1268 1166 1304 In
1210 1268 1229 1305 1
1290 1267 1548 1305 Nocturno

227 1303 330 1341 Galli
365 1304 557 1341 docendus
589 1303 756 1340 traditur
1219 1296 1448 1366 s‘lmfffionae
1552 1299 1559 1307 ’

226 1361 436 1409 Odelricus‚
471 1360 746 1407 qui‘nioribus,
1304 1343 1321 1375 I
1452 1359 1458 1365 “

230 1418 398 1455 Scientia
427 1417 621 1454 imbuitur.
965 1411 999 1450 1.
1048 1410 1187 1457 Sagina
1219 1409 1399 1446 scientiae

1104 1478 1148 1504 ac
1180 1466 1373 1513 religionis

139 1509 176 1546 3.
227 1508 431 1546 Odelricus
463 1507 686 1544 sublimatus
1048 1524 1247 1562 Odelricus
1277 1523 1425 1559 exstitit

226 1565 289 1602 Ad
325 1564 491 1611 pastoris
525 1564 748 1611 dignitatem
1105 1582 1239 1627 plenus
1271 1579 1343 1617 Dei
1376 1579 1495 1617 donis¹

225 1621 295 1658 Est
331 1622 368 1658 in
403 1621 515 1658 caelis
548 1626 749 1658 coronatus

227 1678 394 1725 propter
425 1688 529 1714 suam
558 1678 812 1716 sanctitatem·
964 1663 1000 1701 2.
1047 1660 1204 1697 Festum
1235 1658 1367 1696 fideles
1400 1658 1592 1697 celebrent

1047 1716 1217 1755 Odelrici
1248 1716 1482 1753 sollemniter

138 1769 176 1806 4.
225 1768 426 1805 Odelricus
460 1769 639 1805 ecclesias
1047 1774 1099 1811 Et
1130 1774 1209 1810 eius
1240 1773 1336 1810 mira
1367 1778 1573 1819 personent

225 1824 427 1870 COllapsaS
460 1825 681 1862 reaedificat
1046 1831 1241 1877 Magnalia
1273 1829 1452 1868 suaviter,

222 1880 272 1917 Et
307 1881 433 1918 studio
462 1881 636 1928 pervigili

222 1937 303 1974 Has
339 1948 527 1975 renovans
558 1938 785 1984 magnificat.
962 1911 1000 1948 3‘
1047 1909 1132 1947 sms
1166 1909 1298 1946 dlebus
1329 1909 1491 1946 Dommo

1048 1967 1174 2004 Iustus
1203 1966 1378 2003 inventus
1410 1966 1553 2012 placuit

140 2030 175 2066 5.
223 2027 419 2074 Religiosa
448 2028 584 2065 mulier
1046 2022 1257 2070 odelricus,
1291 2023 1354 2068 qui
1387 2023 1587 2060 Dominum

223 2084 360 2131 Aegris
392 2085 572 2121 membris
607 2084 789 2123 dissoluta
1048 2078 1234 2116 Sacerdos
1266 2090 1422 2125 magnus
1454 2079 1581 2118 coluit.

226 2141 296 2178 Est
327 2141 499 2180 Odelrici
532 2141 709 2190 precibus

222 2197 388 2235 Sanitati
420 2198 609 2237 restituta.
1204 2187 1465 2231 RCSPONSOTI'H·

964 2266 1002 2307 1.
1050 2265 1298 2304 Concelebret
1330 2266 1490 2302 ecclesia

351 2318 413 2352 Ad
441 2319 674 2362 Mawriricat-
1047 2322 1217 2361 odelrici
1249 2323 1447 2361 sollemnia

1047 2377 1205 2416 Festiva
1236 2391 1318 2417 cum
1351 2379 1509 2428 laetitia,

1049 2436 1120 2482 Qui
1153 2436 1268 2473 verbo
1300 2436 1401 2473 vitae
1433 2436 1582 2481 claruit,

1047 2492 1258 2529 Sanctitate
1289 2492 1538 2540 resplenduit,

1044 2548 1248 2586 Miraculis
1280 2549 1445 2594 emicuit,

134 2401 183 2438 A.
223 2400 516 2447 Magnificemus
548 2402 749 2439 Dominum

223 2457 473 2504 Magnificum
505 2469 574 2505 per
604 2459 742 2505 omnia⁷

217 2514 295 2559 Qui
327 2514 549 2552 odelricum
578 2516 792 2561 praesulem

220 2569 296 2608 Sua
328 2570 609 2618 magnificentia

220 2625 424 2674 Magnifice
455 2627 672 2674 magnificat
956 2627 1001 2666 V.
1040 2628 1155 2665 Cuius
1186 2627 1308 2665 beatis
1339 2627 1485 2664 meritis

219 2683 264 2720 In
297 2694 545 2730 supernorum
578 2685 724 2730 patria;
1043 2683 1239 2732 Suffragiis
1270 2687 1308 2720 et
1338 2683 1478 2720 inclitis

220 2739 333 2777 Hunc
364 2739 541 2777 laudibus
572 2740 783 2788 magnificis
1041 2741 1164 2778 Tanto
1195 2741 1313 2787 magis
1345 2740 1581 2787 adiuvamur,

219 2796 439 2843 Magnificet
471 2797 643 2836 ecclesia.
1041 2797 1153 2834 Hunc
1183 2808 1256 2844 quo
1285 2797 1403 2844 magis
1436 2807 1673 2835 veneramur.
