1785 3111
688 77 994 145 .-575—

66 193 94 228 1.
132 195 171 227 Si
194 195 343 227 virtutes
368 193 499 226 Christi
524 193 645 230 scires,
955 190 992 222 Si
1017 193 1204 231 temptares
1229 192 1265 220 et
1288 191 1459 231 gustareS,

132 240 259 272 Dando
283 240 377 272 vires
401 238 572 281 reperires
955 236 1068 275 Quam
1094 235 1243 267 libenter
1266 234 1446 266 laborares

176 286 331 318 Maxima
356 285 498 324 solacia,
999 281 1053 312 Ad
1077 279 1238 313 habenda
1262 280 1359 311 talia.

63 385 208 421 Ferner
234 387 383 420 schaltet
407 397 442 419 es
467 385 557 418 nach
583 385 649 417 Str.
679 382 720 417 19
744 383 905 426 folgende
930 383 1003 415 drei
1030 383 1204 425 Strophen
1229 385 1304 415 ein:

133 480 227 511 Crux
252 478 392 511 excellit
416 487 516 509 omne
542 476 671 508 donum
955 475 1048 506 Crux
1073 478 1125 507 est
1148 478 1223 506 tota
1247 476 1414 515 virtuosa,

130 525 179 557 Et
203 524 354 567 acquirit
378 533 479 555 omne
503 522 633 554 bonum
955 520 1133 561 Speciosa,
1159 521 1303 561 copiosa

177 570 257 602 Suis
282 569 509 607 amatoribus,
999 566 1162 598 Glorioso
1188 576 1340 598 munere.

131 616 225 648 Crux
250 614 395 657 expellit
420 624 555 646 omnem
582 616 711 644 metum

133 661 181 693 Et
205 671 265 693 cor
288 660 373 692 facit
397 670 473 692 esse
498 659 627 691 laetum
956 656 1048 688 Crux
1073 656 1249 687 doctrinas
1274 656 1333 688 dat
1358 656 1508 693 divinam,

177 707 395 747 Plenumque
419 705 624 747 fulgoribus,
957 703 1067 733 Notas
1093 712 1205 743 neque
1231 703 1443 743 peregrinas,

1000 747 1053 779 Ad
1078 758 1114 779 se
1139 746 1246 778 trahit
1272 748 1399 785 omnia,

133 797 226 829 Crux
253 800 305 829 est
330 797 435 839 plena
459 795 677 839 gaudiorum,
956 794 1049 825 Crux
1076 792 1236 830 amanda,
1263 802 1347 824 crux
1372 792 1541 830 miranda,

134 844 176 875 In
201 852 272 885 qua
296 842 468 880 Christus,
494 851 555 873 rex
579 840 766 879 caelorum,
956 837 1165 870 Veneranda
1190 837 1424 879 praedicanda

176 888 300 920 Voluit
325 887 540 925 occumbere,
1004 885 1107 915 Dona
1130 883 1190 915 dat
1215 883 1392 915 caelestia.

63 981 128 1012 Am
158 979 325 1013 Schlusse
349 979 410 1011 des
437 981 553 1011 ersten
576 978 703 1019 Teiles‚
729 977 819 1009 nach
847 977 914 1009 Str.
940 974 983 1009 22
1007 977 1082 1018 ffigt
1107 976 1245 1008 endlich
1269 977 1298 1007 B
1324 974 1414 1007 noch
1440 975 1512 1007 bei:

129 1072 202 1104 Nos
228 1070 375 1111 dignare
400 1068 586 1107 custodire,
954 1068 1021 1100 Per
1048 1069 1214 1099 virtutem
1240 1070 1381 1098 sanctae
1406 1064 1518 1096 crucis

130 1115 312 1154 Crucifixe‚
337 1115 395 1147 cui
421 1115 552 1146 servire
955 1114 1034 1145 Duc
1058 1123 1121 1144 nos
1147 1113 1189 1145 ad
1218 1116 1380 1144 aeternae
1405 1110 1494 1142 lucis

176 1163 257 1194 Iure
281 1160 409 1193 debent
434 1159 562 1197 omnia,
1003 1159 1165 1191 Gloriosa
1189 1158 1329 1201 gaudia.

68 1252 98 1287 1,
126 1251 147 1285 3
173 1253 379 1285 Conlectare
405 1251 476 1283 CD.
503 1267 544 1272 -
574 1248 602 1288 1,
629 1248 648 1281 5
674 1251 710 1281 in
735 1251 811 1291 ipsa
836 1250 1009 1282 delectare
1034 1250 1074 1281 A.
1100 1268 1145 1271 —
1169 1248 1201 1289 2,
1227 1248 1247 1282 2
1271 1251 1362 1281 vivis
1387 1251 1466 1282 DH.
1491 1268 1534 1272 —
1562 1249 1592 1289 2,
1618 1249 1639 1283 3

64 1299 170 1331 Modo
204 1297 325 1340 procul
358 1297 465 1328 dubio
491 1296 630 1328 CDHK.
667 1312 710 1318 —
737 1294 775 1333 2,
808 1294 830 1327 4
854 1306 923 1327 non
949 1299 1106 1338 tepescas
1132 1296 1211 1327 DH.
1238 1314 1283 1317 —
1306 1293 1346 1334 2,
1378 1294 1398 1327 5
1424 1301 1461 1327 ut
1486 1296 1639 1328 calescas

66 1345 180 1385 CDK3
209 1347 243 1376 et
267 1343 427 1374 valescas
453 1342 499 1374 H.
523 1359 568 1364 —
591 1339 623 1380 4,
650 1339 670 1372 2
688 1342 829 1382 Absque
855 1341 955 1373 sorde
980 1343 1026 1372 sit
1050 1352 1128 1373 cum
1153 1342 1254 1373 corde
1273 1341 1351 1377 CK:
1379 1342 1520 1383 Absque
1537 1342 1638 1375 sorde

66 1392 110 1422 sit
143 1389 314 1422 concorde
337 1389 388 1427 D3
413 1387 557 1429 Absque
589 1387 690 1419 sorde
722 1388 772 1418 sic
803 1387 973 1419 concorde
1000 1388 1045 1418 H.
1071 1405 1115 1410 —
1140 1385 1171 1426 5,
1204 1386 1225 1419 3
1250 1388 1321 1419 Dat
1346 1388 1384 1421 B.
1410 1405 1453 1410 --
1479 1386 1510 1427 5,
1535 1386 1557 1419 4
1584 1388 1638 1419 bis

66 1434 87 1468 6
116 1436 236 1467 lauten
263 1435 300 1466 in
327 1435 370 1466 B:

568 1513 662 1545 Crux
687 1517 739 1546 est
761 1514 901 1556 gladius
927 1516 962 1545 et
987 1517 1133 1552 scutum,

571 1559 672 1599 Quod
697 1570 739 1591 ex
764 1561 859 1591 omni
885 1562 983 1600 parte
1009 1562 1122 1591 tutum

614 1605 703 1637 Esse
728 1605 812 1636 facit
836 1604 1022 1636 hominem.

68 1706 99 1748 7,
127 1705 148 1739 2
171 1707 406 1749 Praecipuum
431 1707 476 1739 da
499 1706 666 1738 honorem
691 1707 736 1738 H.
766 1724 804 1728 —-—
832 1705 862 1745 7,
888 1705 909 1739 3
935 1707 1055 1739 Crucis
1080 1708 1121 1739 A.
1145 1726 1190 1730 —
1216 1707 1245 1749 7,
1272 1705 1294 1738 4
1319 1709 1397 1739 Nisi
1422 1708 1551 1739 virium
1572 1708 1640 1740 BC·

71 1770 117 1774 —
141 1749 172 1792 8,
199 1751 220 1785 2
244 1754 281 1784 in
305 1754 384 1795 ipsa
409 1752 483 1784 CH.
507 1770 552 1774 —
576 1750 607 1791 9,
633 1750 654 1784 3
678 1753 772 1784 fossa
797 1751 905 1784 CDH.
932 1771 974 1775 —
1002 1751 1052 1791 10,
1079 1752 1099 1785 5
1126 1753 1255 1786 Contra
1280 1753 1478 1785 zabulontis
1500 1754 1578 1788 HK,
1595 1770 1640 1776 —

74 1797 126 1837 11,
152 1796 172 1829 6
197 1799 316 1830 Vitam
341 1798 560 1830 rectitudinis
588 1798 659 1830 CD.
685 1815 730 1819 --
757 1795 808 1837 12,
834 1796 855 1830 3
879 1798 926 1830 Et
951 1800 1042 1831 inter
1065 1799 1134 1831 CD.
1162 1817 1205 1822 —
1233 1797 1284 1837 12,
1311 1797 1331 1830 5
1357 1799 1507 1830 sollicite
1533 1799 1640 1832 CHK.

67 1861 113 1866 ——
139 1842 198 1883 12,
224 1842 245 1876 6
269 1844 417 1876 frontem
442 1844 592 1875 inclinas
617 1844 661 1875 D.
688 1859 729 1865 —
758 1841 817 1882 13,
845 1842 859 1875 1
889 1847 950 1876 aut
974 1845 1113 1877 laboras
1140 1846 1178 1877 C.
1203 1862 1246 1866 -
1273 1843 1325 1883 13,
1351 1843 1371 1875 5
1396 1848 1431 1876 et
1456 1846 1493 1876 in
1518 1847 1640 1887 poenis

69 1890 112 1922 K.
138 1907 183 1911 —
211 1887 262 1927 14,
289 1887 310 1920 2
335 1889 383 1921 Et
407 1890 444 1920 in
469 1889 636 1931 gravibus
662 1888 774 1928 CDK3
800 1890 841 1921 In
865 1891 1034 1931 gravibus
1061 1894 1164 1932 atque
1190 1891 1286 1922 duris
1312 1891 1356 1922 H.
1382 1907 1427 1911 —
1454 1889 1506 1929 14,
1531 1888 1552 1922 3
1577 1891 1643 1922 Est

67 1938 180 1966 totum
205 1935 284 1973 CK,
310 1936 437 1967 Totum
462 1938 515 1966 est
539 1935 729 1966 remedium
746 1935 792 1966 H.
818 1953 862 1957 —
884 1934 933 1974 15,
961 1934 976 1967 1
997 1936 1091 1968 Crux
1108 1940 1160 1968 est
1177 1940 1277 1978 porta
1294 1935 1449 1978 paradisi
1466 1935 1638 1968 BCDHK.

68 1997 110 2002 —
140 1978 201 2019 15,
227 1978 248 2011 2
273 1981 315 2012 In
339 1990 409 2023 qua
435 1981 548 2012 sancti
572 1983 654 2012 sunt
677 1981 783 2013 BCH.
812 1999 852 2003 —
881 1980 932 2019 16,
963 1979 983 2012 2
1009 1982 1153 2014 Sacrum
1179 1982 1295 2013 lumen
1321 1983 1360 2013 B.
1384 2000 1429 2003 —
1459 1979 1519 2020 16,
1546 1979 1567 2013 3
1592 1983 1641 2013 Ac

65 2025 212 2058 dulcedo
238 2027 279 2057 B.
304 2043 349 2047 ——
377 2024 435 2065 17,
461 2023 482 2058 3
508 2026 642 2058 Cuncta
667 2037 745 2068 spes
772 2027 856 2066 DK;
881 2027 973 2058 Tuta
997 2038 1075 2069 spes
1101 2028 1147 2059 H.
1173 2046 1216 2050 —
1245 2025 1301 2065 19,
1327 2025 1348 2058 3
1372 2027 1482 2059 Plena
1508 2028 1641 2058 cunctis

66 2072 107 2102 B.
131 2089 177 2093 —
204 2068 257 2111 19,
283 2070 306 2103 4
329 2072 468 2104 animae
493 2074 656 2104 eruunter
679 2073 722 2104 K.
748 2089 791 2093 —
819 2070 870 2111 19,
896 2071 917 2103 4
943 2073 996 2104 bis
1022 2071 1042 2104 6
1067 2073 1187 2104 lauten
1212 2074 1249 2104 in
1275 2073 1319 2107 B:

613 2174 749 2213 Quibus
775 2176 912 2206 animae
938 2175 1085 2206 devotae

615 2219 705 2250 Sunt
730 2220 774 2251 ab
800 2221 894 2251 omni
919 2220 999 2252 labe
1023 2221 1117 2251 latae

654 2265 846 2306 Nitentque
870 2266 1071 2297 virtutibus.

66 2363 129 2404 20,
170 2363 186 2396 1
222 2365 380 2396 manebis
405 2365 448 2397 K.
473 2383 517 2386 —
542 2363 602 2404 20,
639 2364 660 2398 2
685 2367 724 2399 Si
749 2368 786 2398 in
811 2378 912 2399 cruce
938 2378 1029 2399 nunc
1054 2368 1210 2400 studebis
1235 2370 1275 2401 B.
1304 2386 1346 2391 ——
1372 2367 1433 2408 20,
1457 2367 1478 2401 3
1504 2370 1541 2402 Si
1567 2380 1642 2411 per-

71 2410 289 2443 severaveris
315 2410 354 2443 Β.
379 2427 423 2431 —
449 2408 503 2449 20,
529 2409 549 2442 6
575 2412 695 2444 Donec
719 2413 847 2444 mundo
871 2414 1002 2445 vixeris
1020 2414 1059 2445 B.
1089 2432 1126 2435 —
1153 2412 1207 2453 21,
1234 2412 1254 2446 2
1273 2414 1483 2447 Crucifixum
1507 2416 1643 2447 intuere

66 2457 106 2488 B.
132 2473 177 2477 —
201 2453 263 2494 21,
299 2452 320 2486 3
343 2455 393 2487 Ut
417 2455 552 2488 defendi
579 2457 699 2489 valeas
724 2458 763 2489 B.
791 2475 832 2480 —
858 2456 919 2498 22,
953 2457 974 2490 2
998 2459 1150 2492 Mentem
1175 2460 1280 2492 debes
1308 2461 1389 2492 hinc
1414 2461 1490 2501 CD,
1524 2461 1641 2492 Mente

66 2501 157 2533 fehlt
181 2501 234 2543 H;
265 2501 380 2532 Debes
409 2502 571 2533 omnibus
595 2502 733 2544 placere
757 2503 804 2543 A3
831 2505 945 2536 Debet
970 2505 1128 2537 omnibus
1154 2507 1192 2537 B.
1219 2524 1261 2528 —
1287 2504 1340 2544 22,
1366 2504 1387 2538 3
1411 2508 1515 2538 Hanc
1539 2506 1640 2537 corde

69 2546 928 2626 εθωῗῆξθῑὲῑὲεῗὲεἷὶηὲἒέῗιὲιῗέῗὲῑὲῗρῗ
953 2551 1177 2628 ἕὲῑθὲἓῗῗῖ
1212 2551 1373 2630 Etim
1399 2552 1500 2584 “Ome
1524 2562 1642 2593 gerere

69 2593 117 2624 Η.
158 2616 267 2669 Pars,
292 2637 462 2669 Altera.
486 2656 530 2662 ν-
554 2640 629 2671 Ν111·
654 2639 768 2671 dieser
793 2619 912 2673 zweite
937 2620 1015 2673 Tei⁷l
1042 2642 1130 2674 auch
1156 2608 1329 2675 ikffireOrat.
1356 2654 1418 2674 ms.
1446 2644 1480 2675 S.
1506 2643 1641 2673 Mariae

68 2682 110 2714 de
127 2683 285 2714 Parisius
303 2693 393 2714 saec.
415 2681 468 2715 15.
509 2683 591 2716 Cod.
609 2685 778 2716 Mazarin.
800 2683 888 2718 3897
905 2685 1005 2726 (605).
1024 2688 1063 2719 L.
1082 2705 1126 2709 -
1145 2688 1374 2730 Reihenfolge
1391 2688 1450 2719 der
1469 2686 1642 2728 Strophen

67 2726 380 2806 {111}35:b1i1811'3733
413 2727 450 2769 23
484 2727 506 2761 4
530 2730 583 2762 bis
611 2727 670 2767 12,
704 2731 720 2761 I
745 2728 779 2769 93
810 2730 914 2770 l;11,
943 2729 1002 2772 133
1031 2731 1218 2774 1431153
1248 2732 1298 2772 16,
1323 2731 1427 2773 4—63
1457 2730 1640 2771 17,1—33

162 2816 197 2859 1,
226 2817 246 2851 6
269 2798 492 2862 Et'superno
519 2820 622 2853 CDK.
649 2839 693 2842 —
718 2819 756 2860 2,
786 2820 800 2853 1
828 2822 931 2853 Hunc
957 2824 986 2853 si
1011 2833 1107 2855 amas
1133 2824 1172 2856 B.
1198 2842 1236 2847 -
1266 2822 1296 2863 2,
1322 2822 1343 2856 3
1368 2823 1422 2855 Ad
1446 2823 1643 2856 habendum
