1785 3111
161 216 228 253 35.

162 496 227 534 36.

194 1794 215 1829 Na

190 2076 212 2111 00

768 96 1075 137 —434-

260 214 338 251 Iam
370 211 541 249 sublimis
574 209 673 248 facta
705 211 818 248 nimis

315 269 449 306 Manes
481 268 586 304 iuxta
617 266 747 317 filium,

260 325 368 363 Celsa
399 324 489 361 sede
519 324 714 361 intercede

316 383 390 419 Pro
422 381 544 418 salute
575 381 752 418 omnium.

259 494 339 532 Nos
375 491 547 531 conforta
578 497 615 530 et
645 498 801 541 reporta

317 551 456 588 Munus
487 550 757 600 indulgentiae,

257 609 309 647 Ut
341 605 526 644 reformes
557 618 624 644 nos
657 617 830 644 enormes

315 664 378 701 Ad
411 668 549 700 statum
582 664 766 702 iustitiae.

216 804 224 813 .
260 778 358 814 Meis
389 777 487 814 caris
518 776 692 824 largiaris

316 834 395 871 Iam
429 832 618 870 defunctis
652 834 798 871 veniam

258 891 307 928 Et
342 894 560 927 cunctorum
594 890 874 927 commodorum

316 947 399 992 His,
437 947 500 993 qui
531 947 674 993 vivunt,
708 947 867 993 copiam.

975 212 1041 250 38.
1074 211 1155 248 Illis
1182 221 1328 247 mecum
1361 211 1458 248 dona
1489 221 1643 257 precum

1131 268 1297 304 Tuarum
1329 266 1518 314 suffragia,

1076 324 1127 362 Ut
1159 325 1340 361 moderna
1372 329 1408 361 et
1439 328 1594 360 aeterna

1133 381 1323 418 Fruamur
1353 380 1512 419 laetitia.

980 495 1046 533 33.
1079 494 1108 532 Ο
1142 494 1281 541 Maria,
1314 499 1435 532 mater
1466 493 1541 542 pia,

1133 550 1254 587 Tuum
1287 551 1335 588 da
1366 550 1588 598 subsidium⁷

1077 608 1157 654 Quo
1189 607 1383 644 vincamus
1415 612 1450 643 et
1482 607 1652 644 vivamus

1136 664 1178 700 In
1211 669 1313 701 terra
1344 663 1563 701 viventium.

979 779 1044 816 40.
1079 777 1136 815 Da
1168 777 1355 814 medelam
1387 781 1422 813 et
1451 776 1608 814 tutelam

1135 833 1291 871 Cunctis
1323 839 1359 869 te
1391 832 1612 882 colentibus,

1082 892 1212 927 Pacem
1246 890 1382 927 bonam
1414 894 1449 926 et
1483 900 1661 927 coronam

1135 947 1227 985 Cum
1259 947 1431 993 supernis
1463 946 1620 984 civibus.

561 1061 626 1098 41.
661 1060 775 1096 Pater
806 1060 921 1108 Deus,
953 1059 1008 1097 fili
1038 1060 1154 1107 Deus,

715 1117 817 1154 Deus
847 1117 944 1154 alme
975 1117 1144 1163 spiritus,

663 1173 733 1209 Per
763 1177 917 1210 aeterna
947 1184 1014 1210 nos
1046 1173 1213 1220 guberna

716 1230 818 1266 Deus
846 1240 940 1266 unus
971 1231 1133 1268 saecula.

734 1399 1011 1446 Rhythmus
1053 1400 1117 1437 VI.

214 1539 222 1548 .
254 1512 350 1558 Ave‚
382 1512 502 1559 virgo,
534 1522 628 1558 quae
658 1512 763 1559 origo

314 1567 432 1605 Nobis
464 1579 502 1605 es
533 1569 702 1606 laetitiae

258 1625 551 1672 Redemptorem
584 1630 619 1662 et
650 1631 843 1663 auctorem

314 1679 505 1719 Pariendo
537 1682 690 1729 gloriae.

223 1825 230 1832 ,
263 1793 382 1840 Virgo
413 1798 546 1841 mater,
579 1804 649 1841 per
676 1806 787 1842 quam
808 1799 891 1833 ater

318 1850 484 1896 Spiritus
515 1851 700 1896 occubuit,

259 1906 339 1951 Quo
373 1907 569 1953 primaeva
598 1912 720 1945 mater
751 1909 832 1946 Eva

318 1962 552 2010 Suggerente
583 1965 743 2013 corruit3

220 2107 227 2114 ,
259 2075 372 2112 Alma
402 2086 552 2122 parens,
585 2078 684 2113 omni
717 2087 849 2115 carens

312 2131 561 2178 Corruptelae
592 2134 751 2180 macula,

255 2189 373 2234 Quam
406 2189 529 2235 elegit,
563 2190 625 2235 qui
657 2189 842 2239 confregit

313 2245 430 2282 Dirae
461 2247 590 2282 mortis
622 2247 795 2294 vincula3

225 2388 232 2396 .
266 2357 439 2395 Clemens
461 2363 626 2406 praesta⁷
652 2364 690 2396 ut
711 2361 772 2407 qui
797 2359 894 2398 festa

320 2414 400 2450 Tua
430 2415 596 2460 gaudent
628 2416 762 2460 colere,

263 2468 512 2507 Gratulentur
544 2476 579 2507 et
612 2472 779 2509 ditentur

319 2526 441 2564 Verae
473 2527 566 2564 lucis
598 2539 763 2567 munere.

216 2667 224 2676 .
256 2638 383 2675 Mater
404 2639 558 2686 Christi,
582 2651 677 2687 quae
696 2641 762 2678 das
784 2642 886 2679 tristi

311 2695 471 2732 Animae
501 2696 696 2743 laetitiam,

258 2751 328 2798 Da,
361 2753 461 2798 quod
493 2763 644 2803 quaero7
678 2758 717 2790 ut
740 2755 886 2792 sincero

315 2808 439 2845 (ss'orde
471 2809 621 2847 Christo
652 2812 826 2849 serviam.

1002 1515 1038 1552 6.
1074 1513 1313 1549 Mansuetum
1345 1517 1382 1549 et
1413 1513 1578 1559 quietum

1129 1570 1263 1606 Redde
1293 1579 1413 1606 meum
1446 1569 1622 1619 animum,

1074 1627 1125 1665 Ut
1156 1626 1193 1662 in
1223 1626 1344 1664 Deum
1374 1630 1438 1664 aut
1469 1626 1507 1662 in
1538 1636 1659 1663 meum

1130 1682 1212 1719 Non
1237 1683 1452 1729 delinquam
1473 1683 1706 1729 proximum.

1007 1797 1043 1834 7.
1074 1795 1289 1842 Margarita
1320 1796 1453 1832 summi
1486 1796 1559 1833 sita

1132 1853 1247 1900 Regis
1280 1853 1505 1903 diademate⁷

1075 1910 1177 1955 Quae
1210 1913 1427 1947 cunctarum
1462 1909 1668 1956 gratiarum

1132 1966 1184 2002 Es
1216 1971 1350 2004 ornata
1380 1966 1594 2016 schemate3

1001 2079 1038 2116 8.
1070 2079 1191 2116 Maris
1224 2079 1347 2127 stella,
1380 2079 1452 2116 Dei
1484 2079 1579 2116 cella

1132 2135 1366 2182 Virtutisque
1397 2136 1604 2182 speculum,

1071 2192 1187 2238 Quam
1221 2191 1381 2229 miratur
1412 2196 1446 2228 et
1478 2197 1658 2239 precatur

1129 2248 1356 2285 Universum
1388 2249 1599 2297 saeculum3

1006 2362 1043 2399 9.
1077 2361 1147 2404 Da,
1181 2364 1222 2398 ut
1248 2371 1380 2407 queam
1402 2365 1564 2399 mentem
1585 2371 1705 2398 meam

1133 2418 1352 2454 Emundare
1382 2418 1483 2455 vitiis

1076 2474 1305 2511 Exercendo
1336 2478 1372 2511 et
1405 2475 1564 2512 colendo

1133 2530 1258 2567 Sacris
1290 2541 1370 2567 eam
1402 2531 1553 2569 studiis.

973 2644 1037 2681 10.
1071 2643 1190 2692 Dona,
1225 2643 1391 2690 inquam⁷
1423 2646 1463 2679 ut
1495 2644 1664 2681 evincam

1126 2699 1414 2745 Temptamenta
1446 2699 1682 2745 daemonum,

1070 2755 1127 2791 Ne
1160 2756 1359 2801 permittas
1390 2766 1459 2802 per
1489 2757 1649 2805 sagittas

1127 2812 1190 2848 Me
1223 2812 1350 2858 perire
1381 2812 1596 2851 criminum.
