1785 3111
292 182 328 220 2.

267 2345 332 2384 10.

263 2611 328 2649 11.

771 64 1081 104 —380-—

374 179 531 226 Angele,
564 177 639 215 fide
670 188 808 225 comes,
840 178 1006 224 sapiens,
1038 177 1265 223 venerande,
1300 176 1472 227 benigne,

373 237 437 272 Me
468 239 593 272 movet
625 238 661 270 et
692 235 821 271 turbat
852 234 984 270 mortis
1017 232 1179 270 formido
1210 234 1397 279 malignae

372 290 616 337 Intentatque
646 291 737 327 mihi
769 301 910 337 poenas
942 295 979 326 et
1010 294 1155 327 tartara
1187 290 1312 338 digne,

371 348 428 385 Tu
459 348 648 389 succurre,
681 358 829 393 precor,
862 347 1034 384 barathri
1065 357 1112 383 ne
1143 358 1292 393 mergar
1322 347 1360 383 in
1391 346 1491 394 igne.

372 450 531 497 Angele,
560 448 753 495 confiteor,
787 449 875 495 quia
904 459 1018 494 saepe
1048 447 1162 484 fidem
1196 448 1333 485 violavi

374 506 654 553 Spiritibusque
684 506 793 542 malis
825 516 1024 542 numeroso
1057 505 1213 540 crimine
1245 503 1323 541 favi

372 563 424 600 Et
454 566 659 609 praecepta
689 562 762 598 Dei
794 573 880 607 non,
913 562 1010 597 sicut
1041 565 1205 608 oportet,
1237 561 1373 608 amavi,

372 620 476 657 Proh
509 620 628 664 dolor,
661 624 696 654 et
730 629 848 664 prave
881 618 1072 655 Christum
1105 617 1267 654 vivendo
1298 617 1445 663 negavi.

375 723 534 768 Angele,
567 721 717 767 quando
749 731 851 757 meos
883 724 988 756 actus
1020 730 1091 766 per
1121 720 1268 766 singula
1299 722 1412 765 tango

369 779 507 824 Meque
535 789 640 815 reum
673 778 803 813 mortis
836 777 957 824 video,
991 787 1060 822 per
1091 776 1238 822 singula
1269 776 1419 824 plango,

370 836 445 873 Ora
478 836 557 881 rigo
586 834 767 879 lacrimis,
801 838 963 870 mentem
996 833 1226 869 cruciatibus
1258 843 1375 880 angog

370 892 441 928 His
476 903 533 928 me
563 892 667 928 solve
699 891 820 936 malis,
855 895 891 926 et
923 890 1055 926 laudes
1087 894 1247 936 votaque
1278 900 1415 937 pango,

374 994 531 1042 Augele,
563 1004 622 1029 me
652 993 728 1039 iugi
760 997 824 1029 tua
855 992 977 1029 salvet
1010 1003 1099 1028 cura
1132 995 1278 1037 rogatu,

372 1051 430 1088 Ne
462 1062 531 1096 pro
563 1049 783 1086 multimodo
814 1059 967 1095 peream
1002 1049 1231 1094 damnerque
1262 1050 1382 1087 reatu,

372 1108 436 1144 Me
469 1107 515 1142 de
546 1106 710 1142 terribili
741 1110 805 1142 tua
835 1106 974 1141 liberet
1004 1117 1067 1141 ars
1099 1105 1284 1149 cruciatu,

372 1164 517 1210 Dignus
548 1168 587 1199 ut
620 1162 792 1208 angelico
824 1162 963 1208 possim
997 1162 1080 1198 fieri
1112 1162 1304 1199 comitatu.

377 1266 538 1311 Angele,
570 1264 631 1311 qui
664 1264 777 1311 nosti,
810 1274 904 1310 quae
936 1268 1020 1299 sunt
1054 1263 1093 1299 in
1123 1262 1197 1299 fine
1229 1261 1369 1306 futura,

377 1323 445 1367 Qui
478 1322 646 1358 medicus
679 1331 780 1356 meus
814 1331 865 1367 es,
898 1331 981 1357 mea
1013 1330 1112 1368 spes,
1144 1330 1227 1356 mea
1257 1319 1415 1356 vulnera
1446 1328 1547 1365 cura,

377 1379 556 1425 Vulnera,
589 1389 692 1414 mens
724 1377 859 1424 quibus
891 1383 959 1422 est,
993 1377 1065 1413 nisi
1098 1387 1205 1412 cures
1237 1386 1307 1421 me,
1341 1375 1526 1422 peritura3

376 1436 479 1482 Ergo
510 1434 582 1471 mei
614 1434 740 1470 cordis
773 1433 833 1470 fac
864 1434 939 1470 sint
970 1433 1180 1480 penetralia
1211 1443 1318 1479 pura.

378 1537 536 1583 Angele,
570 1536 686 1583 nulla,
720 1546 817 1581 reor,
851 1546 922 1571 vox
955 1533 1094 1571 sufficit
1128 1544 1360 1580 enumerare,

379 1598 524 1639 Quotve
556 1593 738 1639 quibusve
770 1591 891 1629 modis
922 1591 1035 1628 libuit
1067 1590 1206 1627 delicta
1236 1595 1403 1637 patrare,

379 1651 453 1688 Sed
485 1650 589 1698 mibi,
622 1649 685 1696 qui
716 1649 817 1695 potis
849 1659 899 1696 es,
933 1647 992 1684 fer
1021 1657 1129 1693 opem
1160 1647 1381 1692 veniamque
1412 1656 1582 1695 precare,

377 1707 526 1753 Proque
557 1706 679 1743 salute
711 1717 805 1751 mea,
840 1716 963 1741 comes
995 1705 1148 1751 optime,
1181 1703 1401 1741 sollicitare.

380 1809 536 1856 Angele‚
569 1820 654 1844 mox
685 1813 723 1844 ut
756 1818 824 1853 ego
855 1807 1083 1853 baptismate
1114 1818 1194 1842 sum
1224 1809 1426 1842 renovatus

381 1867 429 1903 Et
463 1865 570 1912 posui
602 1865 741 1901 veteris
773 1864 938 1900 maculas
970 1864 1005 1899 in
1040 1862 1143 1900 fonte
1174 1868 1312 1907 reatus,

378 1922 466 1959 Sum
499 1921 567 1957 tibi
599 1926 712 1967 tuque
743 1920 834 1956 mihi
866 1920 1040 1956 tradente
1068 1920 1149 1957 Deo
1181 1919 1365 1966 sociatu53

376 1978 467 2023 Fac,
501 1988 649 2025 precor,
682 1982 722 2014 ut
752 1982 875 2013 tecum
906 1988 976 2023 pro
1007 1986 1065 2012 me
1097 1982 1202 2022 roget
1233 1975 1327 2012 ordo
1359 1975 1503 2011 beatus.

377 2080 534 2126 Angele,
568 2079 668 2115 trina
698 2078 787 2115 mali
820 2078 875 2115 vis
905 2082 1013 2125 urget
1043 2088 1102 2114 me
1132 2077 1376 2115 vehementer

376 2137 426 2174 Et
457 2136 575 2173 trahit
605 2136 642 2172 in
675 2134 822 2172 facinus
852 2140 1091 2181 mentemque
1122 2134 1223 2180 rapit
1254 2133 1452 2181 violenter,

378 2193 533 2231 Scilicet
563 2192 728 2229 ebrietas
760 2196 797 2227 et
827 2192 937 2228 luxus
969 2197 1005 2227 et
1032 2191 1090 2228 ira
1120 2190 1349 2237 frequenter,

376 2250 455 2286 Has
486 2250 602 2296 igitur
634 2248 764 2297 furias,
798 2248 877 2295 bas,
910 2248 1053 2295 angele,
1087 2248 1205 2294 perde
1236 2250 1423 2293 potenter.

380 2346 537 2394 Angele,
571 2345 756 2381 communi
787 2345 897 2381 luxus
927 2349 1037 2381 nocet
1067 2344 1236 2388 utilitati,

375 2402 551 2438 Ebrietas
582 2401 715 2438 auffert
747 2402 853 2448 regni
885 2401 1072 2447 promissa
1103 2400 1217 2447 beati,

375 2456 438 2496 Ira
468 2459 539 2495 viri
571 2465 724 2494 sanctae
756 2458 946 2495 contraria
977 2457 1019 2494 fit
1049 2457 1249 2503 gravitati3

375 2515 480 2551 Haec
510 2519 698 2562 portenta,
731 2525 833 2561 rogo,
866 2514 1057 2550 metuendi
1091 2514 1296 2559 comprime
1327 2511 1410 2550 fati.

375 2611 532 2656 Angele,
568 2611 630 2657 qui
662 2621 789 2647 veram
822 2609 971 2647 confers
1003 2611 1150 2646 animae
1180 2608 1417 2656 medicinam,

375 2667 435 2704 Ex
467 2668 592 2703 anima
624 2667 762 2703 divelle
794 2678 876 2703 mea
904 2670 1048 2713 pestem
1079 2666 1176 2702 hanc
1206 2665 1417 2711 genuinam,

376 2723 434 2760 Nc
466 2727 551 2760 ruat
580 2723 618 2759 in
651 2734 758 2759 casus
788 2724 933 2770 aliquos
964 2723 1142 2760 mortisve
1173 2722 1331 2769 ruinam,

376 2779 450 2818 Sed
485 2780 628 2816 valeam
659 2780 780 2816 laetus
813 2780 991 2816 deitatem
1023 2789 1177 2815 cernere
1207 2777 1358 2817 trinam.
