1785 3111
699 91 1006 133 -447—

71 208 144 246 49.
176 205 293 253 Virgo
323 205 436 255 mitis,
470 205 518 244 ab
551 205 684 253 ignitis

230 262 370 300 Iaculis
400 272 459 299 me
489 262 624 312 libera,

173 319 317 366 Quibus
330 319 483 368 cadunt,
502 319 565 366 qui
577 330 651 356 non
669 320 811 358 vadunt

230 376 313 413 Tua
342 386 412 423 per
441 376 594 416 itinera.

73 485 143 524 50.
177 483 448 521 Gemebundus
479 482 562 521 fero
592 484 743 531 pondus

236 540 442 587 Culparum
474 541 696 590 ingentium,

178 597 249 634 His
281 597 443 635 solutum
475 598 525 635 ad
557 598 740 635 virtutum

236 653 362 691 Trahe
393 665 452 691 me
483 653 691 701 fastigium.

74 760 143 801 51.
175 762 289 800 Alma
320 763 440 811 virgo,
473 763 635 810 supplex
666 773 756 810 rogo

231 819 349 856 Tuam
383 820 662 867 excellentiam,

171 877 225 915 Ut
264 880 456 914 aeternam
489 887 558 923 per
588 881 626 913 te
657 887 808 915 cernam

230 933 303 970 Tui
333 934 411 970 nati
443 933 617 980 gloriam.

77 1043 143 1079 52.
176 1041 206 1079 O
238 1041 393 1087 Messia,
429 1041 475 1078 de
506 1041 632 1079 Maria

232 1097 331 1134 Nate
363 1108 512 1145 semper
543 1098 703 1148 virgine,

175 1154 245 1201 Qui
276 1155 448 1202 purgasti
480 1161 515 1192 et
547 1156 705 1193 salvasti

232 1212 419 1249 Mundum
450 1216 515 1249 tuo
543 1213 737 1260 sanguine.

64 1320 137 1357 53.
169 1319 316 1356 Auctor
346 1321 458 1369 vitae,
492 1319 602 1356 nobis
633 1320 741 1357 mitte

226 1376 411 1413 Veritatis
442 1376 631 1423 spiritum,

170 1431 223 1470 Ut
254 1432 416 1471 sciamus
447 1438 483 1469 et
514 1444 680 1481 agamus,

225 1489 333 1536 Quod
366 1493 421 1526 est
453 1489 522 1526 tibi
554 1491 749 1537 placitum.

66 1599 138 1637 54.
170 1597 231 1634 Da
261 1597 452 1644 virtutem,
485 1602 525 1635 ut
555 1599 748 1636 immutem

229 1654 348 1693 Usum
380 1655 490 1702 pravi
521 1656 662 1704 operis,

173 1711 295 1760 Dona,
327 1711 493 1760 inquam,
525 1718 567 1749 ut
594 1713 806 1760 relinquam

230 1767 387 1805 Cursum
421 1769 522 1806 vitae
553 1770 704 1808 veteris.

899 209 966 247 55.
998 208 1080 245 Rex
1112 208 1304 255 immense,
1338 219 1397 245 me
1429 218 1586 247 recense

1055 265 1097 302 In
1129 269 1232 303 terra
1263 265 1482 312 viventium,

997 321 1055 358 Ne
1073 322 1123 358 sis
1141 332 1296 370 memor,
1316 322 1451 370 quibus
1468 333 1634 370 premor,

1054 379 1302 417 Peccatorum
1337 379 1514 420 omnium.

902 487 967 524 56.
1002 485 1143 532 Culpas
1175 486 1272 536 lava,
1306 487 1441 534 quibus
1473 499 1591 535 prava

1056 542 1193 580 Sordet
1228 544 1470 595 conscientia,

999 598 1050 636 Ut
1082 599 1230 637 sincera
1260 606 1386 638 mente
1417 613 1513 648 pura

1057 656 1385 704 Comprehendam
1417 659 1569 705 gaudia.

897 764 963 803 57.
999 763 1079 800 Nec
1110 764 1149 801 in
1179 764 1302 802 lacum
1335 775 1394 802 me
1425 776 1585 812 opacum

1054 821 1258 858 Permittas
1291 821 1535 871 descendere,

993 878 1073 924 Quo
1090 877 1305 926 mittuntur,
1327 879 1390 925 qui
1408 884 1633 926 premuntur

1054 935 1303 972 Peccatorum
1333 936 1516 982 pondere.

899 1044 965 1082 58.
999 1043 1082 1080 Lux
1113 1046 1281 1092 aeterna,
1314 1044 1369 1080 sic
1399 1043 1580 1091 guberna,

1054 1100 1153 1145 Quos
1185 1100 1343 1147 vocasti,
1376 1099 1486 1150 filios,

998 1156 1049 1194 Ut
1080 1157 1246 1193 incestus
1276 1161 1388 1203 atque
1420 1162 1598 1204 quaestus

1054 1213 1273 1250 Devitemus
1305 1214 1453 1253 noxios.

891 1322 955 1359 59.
992 1320 1113 1358 Iudex
1139 1320 1249 1369 iuste,
1282 1331 1456 1367 rogamus
1488 1325 1537 1369 te,

1049 1377 1099 1415 Ut
1132 1377 1198 1414 des
1232 1377 1376 1414 cunc-tis
1410 1378 1569 1425 veniam,

990 1434 1061 1481 Qui
1093 1434 1253 1480 Mariae,
1286 1435 1418 1471 matris
1450 1439 1550 1484 tuae,

1049 1491 1223 1538 Diligunt
1253 1492 1487 1530 memoriam.

893 1600 959 1640 60.
994 1599 1049 1637 Sit
1083 1599 1235 1637 divinae
1266 1600 1346 1636 sine
1376 1598 1451 1636 fine

1048 1656 1174 1693 Decus
1206 1661 1318 1703 atque
1350 1656 1470 1704 gloria

991 1713 1201 1757 Maiestati,
1235 1724 1307 1759 qua
1340 1714 1457 1750 creati

1050 1770 1185 1807 Sumus
1217 1781 1284 1807 nos
1318 1774 1355 1806 et
1385 1770 1522 1809 onmia.

636 1928 917 1977 Rhythmus
958 1928 1049 1967 XII.

95 2035 132 2074 1.
168 2034 283 2081 Virgo
309 2035 527 2081 splendens,
564 2046 659 2082 quae
680 2041 802 2074 trans-

460 2093 646 2130 scendens

227 2147 444 2195 Electorum
475 2149 630 2186 ordines

167 2204 435 2252 Magistratum
468 2209 505 2242 et
535 2206 739 2252 primatum

225 2261 447 2299 Sanctitatis
475 2261 644 2310 obtines;

94 2370 135 2409 2.
168 2369 272 2415 Quae
303 2369 414 2417 enixa
441 2381 515 2407 non
548 2371 686 2408 amissa

222 2425 408 2463 Castitate
438 2426 642 2464 Dominum

164 2482 235 2519 Via
265 2483 372 2529 pacis
403 2483 459 2519 ire
490 2481 586 2520 facis

226 2538 303 2576 Nos
335 2540 383 2576 ad
417 2544 564 2590 patrem
596 2540 800 2589 luminum;

90 2646 130 2685 3.
163 2644 283 2683 Stella
315 2646 441 2694 maris,
473 2657 568 2694 quae
599 2648 751 2685 testaris

218 2701 371 2740 Erroris
400 2703 538 2741 itinera

162 2757 427 2805 Relinquenda
458 2765 494 2797 et
526 2760 672 2807 agenda

220 2814 350 2853 Novae
380 2816 474 2854 lucis
507 2827 647 2864 opera3

889 2032 955 2075 v4.
989 2037 1090 2074 Fons
1123 2036 1315 2085 virtutum,
1350 2036 1404 2072 sic
1436 2035 1622 2082 pollutum

1045 2094 1173 2130 Meum
1205 2103 1246 2130 os
1277 2091 1468 2139 purifices

990 2150 1041 2188 Ut
1070 2149 1201 2187 favore
1233 2149 1347 2196 digua
1376 2147 1458 2185 fore

1046 2207 1134 2244 Mea
1166 2205 1281 2244 verba
1311 2205 1469 2245 iudices,

916 2373 953 2411 5.
986 2372 1230 2417 Importunus
1262 2374 1297 2406 et
1329 2369 1506 2416 indignus

1043 2427 1134 2464 Tuis
1164 2437 1245 2464 sum
1276 2425 1502 2475 praeconiis,

987 2484 1080 2521 Cum
1113 2483 1288 2521 obsessus
1317 2487 1353 2519 et
1385 2492 1591 2531 oppressus

1044 2540 1179 2578 Multis
1208 2540 1277 2576 sim
1309 2538 1475 2586 flagitiis,

910 2649 947 2686 6.
977 2648 1119 2685 Tamen
1153 2657 1277 2694 spero,
1320 2646 1421 2694 quod
1448 2656 1522 2682 non
1553 2654 1617 2681 ero

1038 2705 1189 2751 Expers
1221 2704 1298 2741 voti
1330 2703 1494 2750 penitus,

979 2760 1019 2798 Si
1051 2766 1087 2797 te
1110 2761 1242 2809 colam,
1276 2770 1345 2806 per
1368 2769 1478 2806 quam
1500 2757 1619 2794 solam

1042 2818 1111 2854 Est
1144 2817 1192 2854 ad
1226 2818 1341 2853 vitam
1373 2815 1531 2854 reditus.
