1785 3111
748 24 1111 80 —248-'

120 153 152 194 5,
179 153 200 186 2
225 156 436 196 Cunetisque
462 154 631 194 apostolis
656 154 700 184 D.
724 170 769 174 —
795 151 825 190 5,
852 151 872 184 3
898 164 959 194 pro
985 155 1119 185 eunctis
1144 154 1250 192 BEF;
1282 153 1472 194 Implorate
1498 163 1558 194 pro
1584 153 1685 185 nobis
1739 156 1743 159 ’

122 202 165 233 D.
192 218 236 222 —
261 199 292 237 5,
316 199 338 231 4
362 200 561 231 Maiestatis
587 199 776 230 Dominum
801 199 843 230 D.
870 216 914 219 —
938 199 1010 229 Vor
1036 199 1103 230 Str.
1130 197 1149 230 6
1175 199 1310 231 sehiebt
1335 198 1361 229 C
1386 200 1459 229 ein:

615 279 750 318 Martyr
775 277 916 315 Christi,
942 277 1120 309 Theodole

613 324 833 364 Patroneque
860 323 1007 361 Albane,

614 368 759 406 Funeff)
784 364 912 399 vinetis
939 370 1071 400 meritis

612 415 684 445 Nos
711 414 837 445 solvite
861 415 1076 446 criminibus.

121 506 213 538 Statt
238 505 387 547 Strophe
414 503 433 536 6
458 504 572 536 haben

256 637 495 677 Protomartyr
521 635 697 677 Stephane
1009 642 1037 672 O
1063 635 1201 676 praesul
1227 638 1345 666 sancte
1370 635 1641 666 Emmerame

257 682 384 713 Omnes
411 685 515 722 atque
540 685 719 722 martyres,
1008 681 1055 711 Et
1080 691 1198 711 omnes
1225 685 1406 721 martyres,
1432 681 1554 712 devote

257 728 329 757 Vos
356 731 451 758 orate
478 737 539 768 pro
565 728 698 758 eunetis
1007 726 1130 757 Estote
1155 726 1191 756 in
1217 727 1348 757 auxilio

257 772 424 804 Plebibus
450 772 644 803 catholicis.
1008 771 1144 812 Populo
1170 771 1353 802 catholieo.

121 864 194 895 Vor
218 863 285 895 Str.
313 861 331 893 7
358 863 493 895 sehiebt
518 863 545 894 C
571 864 644 895 ein:

620 936 678 968 Ob
694 947 713 967 0
724 938 743 968 d
755 947 774 968 a
784 948 799 967 r
808 937 827 967 d
840 948 857 968 e
890 937 1066 968 confessor

622 983 842 1024 Martineque
867 984 1006 1023 pariter,

623 1029 696 1059 Nos
722 1038 798 1059 eum
824 1028 1081 1059 confessoribus

623 1073 796 1104 Adiuvate
821 1074 992 1114 precibus

125 1166 218 1196 Statt
245 1165 393 1206 Strophe
418 1163 436 1195 7
463 1164 594 1196 haben:

471 1239 522 1269 D:
1297 1239 1338 1269 F:

261 1295 386 1326 Sancte
412 1300 510 1337 pater
534 1295 686 1336 Philip
697 1306 746 1336 pe
1012 1295 1039 1326 O
1065 1295 1262 1331 Benediete,
1289 1299 1386 1336 pater
1414 1296 1479 1336 pie,

259 1341 556 1383 Pirminique,
590 1342 719 1382 pariter
1011 1340 1136 1372 Sancte
1161 1341 1273 1378 Galle,
1299 1341 1419 1372 doctor
1442 1341 1543 1379 bone,

260 1387 333 1417 Nos
360 1396 437 1417 cum
463 1386 721 1418 confessoribus
1011 1387 1083 1418 Nos
1109 1397 1187 1417 eum
1215 1386 1294 1417 aliis
1320 1386 1577 1417 confessoribus

259 1432 433 1463 Acliuvate
461 1433 633 1473 precibus.
1010 1431 1184 1463 Adiuvate
1210 1432 1382 1473 precibus.

124 1521 163 1561 S,
192 1522 208 1554 1
234 1523 282 1554 Et
312 1526 443 1563 martyr
468 1523 510 1553 D.
537 1540 581 1543 -—
613 1520 649 1554 8.
682 1520 702 1553 2
727 1523 773 1553 Et
798 1521 984 1563 virginalis
1016 1523 1159 1553 castitas
1185 1523 1222 1553 F.
1247 1539 1293 1542 ᾔ
1316 1519 1348 1560 8,
1378 1519 1399 1553 3
1424 1522 1605 1553 postulate
1629 1532 1690 1563 pro

126 1570 254 1599 nostris
280 1568 316 1599 F.
343 1585 385 1589 —
411 1566 441 1603 8,
467 1566 489 1598 4
513 1569 628 1599 Iesum
655 1568 832 1599 Christum
859 1568 1010 1609 peccatis
1034 1567 1071 1598 F.
1096 1585 1142 1588 —-
1167 1568 1234 1599 Str.
1260 1566 1280 1598 9
1306 1567 1416 1598 lauret
1441 1568 1477 1598 in

471 1648 520 1678 D:
1294 1647 1340 1677 F:

262 1700 389 1737 Omnes
416 1705 529 1735 sancti
554 1706 697 1735 Domini
1011 1705 1139 1735 Omnes
1165 1704 1276 1734 saneti
1303 1704 1381 1741 Dei,

260 1746 391 1792 Angeli
419 1754 451 1781 et
475 1750 645 1787 homines,
1011 1750 1083 1780 Nos
1110 1749 1273 1780 exaudire
1300 1748 1489 1787 dignemini

263 1796 509 1827 Commendate
536 1796 684 1837 populos
1011 1794 1057 1825 Et
1083 1794 1125 1825 ad
1151 1804 1252 1825 aures
1277 1794 1416 1824 divinas

262 1842 412 1872 Domino
439 1841 641 1873 catholicos.
1011 1841 1111 1871 Ferte
1138 1843 1275 1870 nostras
1301 1840 1472 1870 miserias.

130 1933 199 1964 Str.
228 1930 269 1963 10
295 1932 327 1964 ff.
354 1931 467 1963 fehlen
494 1932 529 1963 F.
556 1949 601 1952 V
628 1929 678 1970 10,
704 1929 724 1963 3
750 1932 951 1973 temperiem
978 1930 1013 1962 C.
1040 1950 1083 1953 —
1110 1930 1176 1961 Str.
1210 1929 1247 1961 11
1276 1930 1385 1961 lautet
1410 1931 1446 1961 in
1472 1930 1580 1961 BCD:

624 2012 673 2043 Ut
698 2011 793 2051 pacis
820 2011 1057 2052 tranquillitas

625 2056 886 2097 Corporumque
912 2058 1045 2087 sanitas

625 2103 653 2132 A
681 2101 818 2132 Christo
845 2101 944 2133 detur
969 2102 1081 2138 nobis,

617 2147 780 2179 Obtinete
807 2148 949 2178 meritis.

124 2243 189 2272 Str.
220 2237 260 2270 12
293 2239 379 2269 fehlt
406 2238 506 2269 BCD.
541 2257 582 2260 —
616 2239 680 2270 Str.
712 2236 750 2269 13
781 2237 896 2269 hinter
925 2236 975 2269 15.
1002 2238 1104 2269 BCD.
1131 2254 1173 2258 -—
1210 2235 1268 2275 14,
1306 2235 1321 2267 1
1350 2237 1397 2269 Ut
1422 2235 1617 2278 praesulem
1641 2237 1690 2275 D3

122 2285 171 2317 Ut
196 2286 225 2316 N
260 2284 455 2326 praesulem
483 2284 528 2323 C3
564 2285 653 2314 tueri
687 2283 772 2314 fehlt
797 2283 867 2314 CD.
896 2301 937 2305 —
974 2281 1030 2321 14,
1065 2282 1085 2313 2
1111 2283 1249 2315 Clerum
1282 2283 1355 2313 eius
1390 2285 1423 2313 et
1448 2292 1584 2313 omnem
1610 2281 1692 2319 BD,

123 2330 210 2361 Eius
246 2330 375 2361 elerum
409 2332 442 2359 et
473 2339 608 2359 omnem
643 2329 685 2360 D.
719 2346 752 2350 —-
798 2327 855 2366 14,
887 2327 908 2359 3
942 2329 1156 2360 Conservare
1189 2328 1343 2369 digneris
1376 2328 1478 2359 BCD.
1504 2344 1548 2347 —
1580 2324 1638 2364 14,
1670 2324 1692 2357 4

127 2375 286 2412 Oramus,
314 2374 458 2408 Christe,
488 2374 568 2404 audi
595 2385 668 2404 nos.
688 2375 792 2405 BCD.
809 2392 851 2395 ——
872 2373 923 2413 15,
945 2372 959 2404 1
982 2375 1029 2406 Ut
1048 2384 1107 2404 rex
1124 2376 1242 2404 noster
1262 2374 1312 2411 D;
1340 2383 1398 2404 rex
1415 2376 1532 2403 noster
1549 2371 1630 2402 Otto
1649 2371 1692 2408 C,

124 2432 184 2452 rex
218 2424 335 2451 noster
367 2420 542 2450 Hemicus
576 2419 615 2449 E.
656 2436 699 2440 ——-
736 2420 803 2451 Str.
839 2418 894 2456 16,
934 2418 975 2450 17
1008 2419 1078 2450 und
1115 2416 1155 2449 18
1185 2418 1299 2449 fehlen
1336 2417 1438 2449 BCD.
1470 2435 1513 2438 —
1550 2417 1617 2449 Str.
1651 2413 1692 2448 19

121 2467 237 2498 lautet
260 2468 297 2497 in
322 2465 428 2497 BCD:

622 2510 769 2548 Christe,
796 2510 943 2548 Christe,
970 2509 1051 2541 audi
1079 2519 1153 2547 nos,

620 2557 739 2596 Kyrie,
767 2555 910 2594 eleison,
937 2556 1106 2592 canimus,

621 2601 768 2639 Christe,
794 2601 937 2638 eleison,
965 2601 1121 2631 canimus
1147 2599 1341 2641 (psallimus
1368 2600 1415 2636 C),

620 2648 699 2677 Iesu
725 2648 792 2687 pie,
818 2646 899 2677 audi
926 2656 1000 2677 nos.

214 2733 255 2763 In
284 2733 344 2764 der
370 2734 527 2773 einzigen
547 2732 596 2764 St.
614 2732 732 2763 Galler
750 2732 826 2769 Hs„
855 2731 910 2761 die
936 2730 1039 2761 heute
1065 2730 1176 2761 dieses
1194 2729 1282 2760 Lied
1301 2728 1444 2767 enthiilt,
1471 2729 1517 2759 ist
1534 2728 1692 2759 dasselbe

123 2778 315 2810 namenlos.
372 2774 538 2820 Dagegen
575 2777 812 2809 iiberschreibt
849 2776 910 2807 das
948 2776 1131 2807 Mindener
1168 2775 1302 2816 Tropar
1338 2774 1439 2814 (saec.
1476 2772 1513 2804 11
1553 2772 1612 2813 in.)
1648 2783 1689 2803 zu
