1785 3111
812 87 863 91 —
925 64 1006 104 486
1065 87 1119 91 —

301 181 338 216 6.
385 179 436 215 Et
466 178 513 215 de
544 178 660 215 verbo
692 189 759 215 suo
791 189 942 216 auream
974 179 1184 227 materiam,
1217 190 1238 216 0
1260 178 1464 215 laudabilis
1486 180 1605 227 virgo,
1638 178 1740 218 fecit.

301 236 336 274 7.
383 235 412 272 O
444 245 554 281 quam
587 246 761 283 magnum
794 236 919 272 estin
952 236 1095 273 viribus
1128 235 1204 272 suis
1235 236 1333 272 latus
1356 235 1440 281 viri,
1474 236 1520 272 de
1547 247 1618 282 quo
1640 236 1742 274 Deus

185 290 344 328 formam
375 291 545 328 mulieris
575 292 770 339 produxit,
803 303 913 339 quam
945 292 1035 329 fecit
1066 293 1259 339 speculum
1291 291 1410 328 omnis
1441 293 1652 330 ornamenti
1685 294 1742 330 sui

185 353 222 384 et
253 347 528 394 amplexionem
560 349 681 385 omnis
713 354 911 386 creaturae
941 351 1051 387 suae!

301 405 337 442 8.
385 404 481 442 Inde
524 405 727 442 concinunt
769 406 948 443 caelestia
977 417 1118 453 organa
1145 409 1181 441 et
1212 404 1373 441 miratur
1403 404 1523 441 omnis
1554 408 1679 451 terra,
1720 416 1742 442 0

188 460 393 498 laudabilis
423 461 561 509 Maria,
594 462 681 508 quia
712 462 815 499 Deus
846 468 883 499 te
914 463 1027 499 valde
1056 462 1209 500 amavit.
1269 461 1387 507 Quam
1419 461 1531 498 valde
1561 461 1741 509 plangen-

188 518 276 555 dum
308 522 345 554 et
375 518 582 566 lugendum
609 522 676 568 est,
710 520 810 565 quod
831 519 988 556 tristitia
1009 519 1047 556 in
1071 519 1226 555 crimine
1247 528 1316 564 per
1338 517 1532 555 consilium
1555 518 1742 565 serpentis

184 575 222 611 in
252 574 445 611 mulierem
479 573 600 613 fiuxit.

295 632 332 671 9.
378 631 476 668 Nam
508 631 592 678 ipsa
621 631 768 679 mulier,
801 643 911 678 quam
934 632 1036 669 Deus
1058 636 1216 669 matrem
1240 631 1408 668 omnium
1429 631 1568 678 posuit,
1595 631 1742 669 viscera

180 698 248 724 sua
289 698 371 724 cum
413 688 635 725 mulieribus
665 688 903 735 ignorantiae
934 688 1126 735 decerpsit
1157 693 1194 725 et
1224 688 1378 734 plenum
1410 688 1578 738 dolorem
1609 688 1740 735 generi

180 755 247 781 suo
278 745 450 791 protulit.

301 802 364 841 10.
412 801 510 848 Sed,
552 812 573 837 o
615 812 772 850 aurora,
815 801 862 838 de
903 806 1035 838 ventre
1076 805 1139 838 tuo
1180 812 1297 838 novus
1339 800 1395 837 sol
1427 801 1634 849 processit,
1676 801 1739 848 qui

190 858 314 894 omnia
361 858 519 895 crimina
564 857 669 895 Evae
715 857 895 895 abstersit
941 863 978 895 et
1022 858 1201 895 maiorem
1246 857 1544 894 benedictionem
1592 868 1661 904 per
1704 862 1741 895 te

185 914 357 962 protulit,
389 926 499 961 quam
530 914 613 951 Eva
643 914 857 951 hominibus
888 915 1088 952 nocuisset.

301 971 365 1009 11.
411 971 546 1017 Unde,
593 982 613 1008 o
659 972 865 1021 salvatrix,
913 982 1007 1018 quae
1052 982 1187 1008 novum
1235 971 1361 1007 lumen
1407 970 1569 1007 humano
1614 971 1742 1018 generi

184 1028 392 1074 protulisti,
426 1028 561 1074 collige
591 1027 760 1065 membra
790 1027 859 1064 filii
888 1029 942 1065 tui
973 1029 1021 1066 ad
1054 1028 1254 1065 caelestem
1287 1027 1534 1068 harmoniam,

645 1205 727 1240 325.
766 1206 824 1248 (4.)
861 1206 918 1241 De
946 1206 1096 1241 Sancta.
1121 1205 1265 1241 Maria.

294 1312 328 1349 1.
375 1310 405 1348 Ο
428 1310 658 1347 viridissima
681 1311 798 1360 virga,
832 1322 916 1358 ave,
949 1323 1044 1359 quae
1067 1312 1104 1349 in
1127 1315 1304 1349 ventroso
1325 1309 1446 1348 flabro
1466 1310 1738 1349 sciscitationis

176 1371 391 1404 sanctorum
424 1367 597 1413 prodisti,

297 1425 335 1464 2.
382 1425 473 1462 Cum
515 1424 618 1460 venit
658 1428 828 1471 tempus,
871 1421 1008 1474 quo(d)
1045 1429 1085 1461 tu
1117 1424 1279 1462 floruisti
1309 1424 1348 1461 in
1379 1423 1494 1461 ramis
1527 1424 1623 1474 tuis3
1656 1434 1738 1470 ave,

186 1490 255 1518 ave
287 1481 334 1517 sit
365 1480 448 1527 tibi,
481 1481 569 1527 quia
601 1483 705 1519 calor
735 1481 824 1518 solis
855 1481 893 1517 in
926 1485 963 1518 te
993 1482 1144 1519 sudavit
1175 1481 1273 1518 sicut
1304 1481 1399 1518 odor
1429 1480 1602 1520 balsami.

297 1539 333 1576 3.
380 1537 477 1574 Nam
520 1538 618 1575 vitae
656 1537 783 1574 floruit
824 1538 983 1584 pulcher
1018 1537 1107 1585 flos,
1151 1538 1214 1585 qui
1244 1538 1398 1574 odorem
1431 1537 1539 1574 dedit
1568 1537 1740 1574 omnibus

184 1593 428 1641 aromatibus,
461 1604 556 1640 quae
587 1595 697 1631 arida.
727 1600 846 1634 erant.

297 1653 334 1689 4.
383 1651 433 1687 Et
464 1651 530 1687 illa
559 1655 820 1697 apparuerunt
850 1651 975 1688 omnia
1006 1651 1044 1688 in
1075 1651 1273 1689 viriditate
1303 1651 1428 1697 plena.

297 1710 333 1746 5.
383 1707 495 1745 Unde
538 1708 632 1744 caeli
674 1708 861 1744 dederunt
902 1718 1024 1744 rorem
1067 1718 1182 1754 super
1223 1718 1377 1755 gramen
1419 1712 1456 1743 et
1487 1707 1607 1743 omnis
1639 1709 1742 1742 terra

185 1764 284 1800 laeta
325 1761 425 1800 facta
467 1768 545 1812 est,
583 1765 758 1810 quoniam
800 1765 948 1802 viscera
988 1764 1107 1811 ipsius
1140 1763 1367 1801 frumentum
1400 1763 1662 1811 protulerunt,
1706 1766 1743 1798 et

183 1820 357 1866 quoniam
389 1820 561 1857 volucres
594 1821 687 1857 caeli
718 1821 829 1859 nidos
861 1821 899 1857 in
930 1822 1015 1868 ipsa
1047 1821 1270 1859 habuerunt.

300 1878 337 1916 6.
386 1876 534 1913 Deinde
594 1876 696 1914 facta
746 1882 801 1914 est
851 1888 938 1915 esca
989 1878 1201 1915 hominibus
1260 1882 1296 1914 et
1347 1876 1522 1925 gaudium
1568 1886 1743 1923 magnum

187 1933 445 1981 epulantium3
488 1934 601 1981 unde,
634 1945 655 1970 0
687 1934 813 1971 suavis
846 1935 964 1983 virgo,
997 1935 1033 1971 in
1067 1938 1103 1971 te
1134 1946 1207 1971 non
1241 1934 1369 1972 deficit
1398 1934 1516 1971 ullum
1551 1932 1741 1981 gaudium.

300 1991 333 2027 7.
380 1990 486 2028 Haec
517 1990 642 2027 omnia
673 1990 756 2027 Eva
788 1991 1028 2037 contempsit.

297 2047 332 2084 8.
382 2046 492 2083 Nunc
524 2051 647 2083 autem
680 2047 762 2083 laus
794 2047 842 2083 sit
873 2047 1069 2085 altissimo.

560 2223 642 2258 3:28.
679 2224 737 2265 (5.)
774 2223 948 2267 Hymnus
975 2224 1022 2259 de
1049 2224 1199 2261 Sancta
1225 2223 1370 2259 Maria.

303 2327 338 2364 1.
386 2330 481 2375 Ave,
515 2338 707 2374 generosa,
742 2329 907 2375 gloriosa
929 2334 965 2365 et
983 2330 1127 2367 intacta
1148 2329 1288 2376 puella,
1311 2333 1351 2366 tu
1373 2329 1520 2377 pupilla
1542 2328 1743 2376 castitatis,

186 2387 226 2419 tu
256 2384 417 2420 materia
448 2384 673 2431 sanctitatis,
708 2395 803 2432 quae
834 2385 915 2422 Deo
946 2386 1101 2433 placuit.

301 2441 338 2477 2.
386 2440 483 2477 Nam
514 2441 607 2477 haec
639 2452 804 2488 superna
835 2440 974 2480 infusio
995 2444 1034 2480 in
1065 2448 1102 2480 te
1123 2441 1206 2491 fuit,
1238 2443 1337 2489 quod
1363 2452 1564 2489 supernum
1589 2440 1744 2477 verbum

185 2495 224 2532 in
256 2500 292 2532 te
325 2506 472 2533 carnem
505 2497 642 2535 induit.

304 2554 341 2590 3.
388 2553 443 2589 Tu
486 2554 687 2591 candidum
733 2554 878 2603 lilium,
928 2555 1028 2601 quod
1070 2555 1173 2592 Deus
1220 2559 1307 2592 ante
1347 2564 1492 2591 omnem
1534 2557 1744 2590 ereaturam
1780 2563 1783 2568 ’

190 2609 368 2656 inspexit.
1780 2646 1783 2655 ,

305 2668 342 2703 4.
389 2665 418 2702 O
469 2666 724 2711 pulcherrima
775 2670 811 2704 et
863 2667 1101 2711 dulcissima,
1152 2678 1261 2713 quam
1312 2666 1423 2703 valde
1468 2666 1569 2703 Deus
1618 2665 1657 2702 in
1708 2670 1745 2702 te

193 2721 467 2768 delectabatur,
499 2733 582 2759 cum
615 2723 888 2768 amplexionem
921 2723 1057 2761 caloris
1078 2723 1134 2760 sui
1157 2723 1194 2759 in
1217 2727 1254 2759 te
1276 2724 1400 2769 posuit
1421 2723 1486 2770 ita,
1521 2723 1620 2769 quod
1643 2721 1744 2758 filius

193 2779 271 2815 eius
305 2779 350 2815 de
381 2782 418 2814 te
449 2778 609 2815 lactatus
641 2785 708 2816 est.
