1785 3111
721 139 769 143 —
833 117 913 157 645
976 139 1027 145 —

527 305 608 341 418.
646 307 702 347 (1.)
739 307 880 343 Oratio
908 308 957 342 ad
984 308 1222 344 Patronum.
1280 299 1289 309 ’

371 411 401 449 O
434 410 566 447 Victor
596 416 761 459 aeterne,
794 413 954 450 victoria
985 424 1123 450 nocuos
1155 419 1295 461 sterne,

369 467 421 504 Et
452 473 599 514 martyr
629 467 765 518 fideliS,
799 480 866 506 nos
898 469 988 506 fidei
1021 481 1110 507 cura
1142 471 1312 520 medelis,

371 525 498 571 Atque
530 525 635 561 miles
667 524 789 572 fortis,
824 526 1019 572 disrumpe
1051 527 1202 563 vincula
1232 527 1376 577 mortis,

370 580 420 617 Et
452 585 581 618 sancte
612 586 782 632 patrone,
815 582 1009 620 nobiscum
1041 583 1091 619 sis
1123 584 1161 620 in
1192 594 1323 631 agone.

177 691 218 722 A.
245 709 289 712 —
316 692 374 724 fol.
400 690 443 724 37
454 703 485 724 a.
503 693 634 725 Hierzu
660 694 715 726 die
731 695 968 737 Bemerkung:
996 695 1129 734 Quodsi
1152 697 1305 737 cuipiam
1323 696 1409 728 haec
1423 698 1533 728 oratio
1553 696 1657 739 longa

91 737 195 768 nimis
219 741 397 779 appareat,
425 739 629 777 breviorem,
657 750 745 781 quae
773 741 938 782 sequitur,
965 741 1091 772 cotidie
1120 741 1302 773 dicendam
1327 742 1487 783 accipiat.

587 941 667 978 419.
705 942 763 984 (2.)
801 942 944 978 Oratio
970 943 1159 978 Brevior.

367 1059 397 1097 Ο
429 1058 563 1097 Victor
594 1058 702 1103 bone,
734 1065 892 1107 martyr,
924 1059 1106 1106 milesque
1138 1065 1307 1108 patrone,

365 1115 445 1152 Nos
475 1115 514 1152 in
545 1126 663 1162 agone
695 1115 755 1152 fac
788 1116 961 1154 Christus
994 1116 1128 1154 evehat
1160 1128 1291 1163 prone.

176 1215 216 1250 A.
243 1216 301 1249 fol.
326 1214 369 1248 37
379 1225 409 1247 a.
434 1233 479 1237 ——

514 1328 595 1364 420.
631 1328 689 1370 (3.)
725 1329 957 1373 Antiphona
983 1339 1069 1364 culn
1095 1330 1237 1366 Versu.

588 1446 712 1491 Salve,
746 1446 854 1482 miles
886 1446 1126 1493 triumphalis

644 1503 751 1542 Caeli
782 1503 881 1540 inter
911 1503 1088 1551 athletas,

588 1560 712 1604 Salve,
747 1560 823 1597 dux
855 1564 889 1597 et
923 1561 1137 1598 consodalis

643 1617 834 1663 Sacraque
864 1617 1038 1662 societas,

585 1673 730 1720 Victor,
763 1684 845 1720 ave,

586 1731 664 1768 Vas
695 1741 823 1779 suave,

640 1787 792 1834 Martyr
823 1792 859 1824 et
890 1793 1061 1839 patrone,

585 1843 706 1881 Nobis
739 1842 836 1893 fave,

585 1901 741 1938 Morbos
774 1912 876 1951 cave,

639 1958 748 1995 Assis
780 1959 819 1996 in
849 1970 980 2008 agone.

303 2071 346 2107 V.
396 2071 579 2108 Laetetur
608 2071 646 2108 in
677 2073 790 2109 caelis
821 2073 1081 2111 Thebaeorum
1114 2074 1226 2111 turba
1256 2073 1393 2119 fidelis,

396 2127 449 2165 Et
480 2128 612 2166 Victor
648 2140 730 2166 cum
763 2130 876 2167 sociis
908 2131 1072 2168 exsultet
1104 2135 1250 2178 martyr
1281 2130 1418 2170 fidelis,

171 2226 210 2257 A.
236 2226 296 2258 fol.
322 2225 342 2259 6
354 2227 385 2259 b.

309 2382 391 2418 421.
430 2384 487 2426 (4.)
524 2385 755 2429 Antiphona
780 2396 867 2420 cum
894 2386 1091 2430 collecta,
1118 2396 1192 2431 per
1216 2386 1410 2422 decanum

633 2442 769 2477 factae
797 2443 847 2477 ad
872 2443 1103 2487 patronum.

505 2558 589 2606 Eia,
623 2559 755 2595 Victor
780 2559 955 2606 gloriose,

510 2615 580 2660 Qui
611 2615 736 2651 vicisti
768 2616 934 2652 animose

560 2672 726 2709 Mortem
757 2671 833 2709 fide
864 2672 993 2709 stabili

504 2729 649 2775 Quique
679 2733 838 2766 mortem
872 2729 1058 2776 delegisti,

508 2787 559 2824 Ut
591 2785 776 2832 gauderes
807 2796 877 2832 pro
907 2786 978 2823 hac
1007 2786 1110 2823 tristi

563 2842 651 2878 Vita
683 2842 941 2890 perdurabili3
