1785 3111
769 90 1051 130 *92-

127 215 194 246 que
222 205 314 246 iugis
332 206 378 237 Bz
402 205 562 236 flammae
581 214 649 245 quo
668 204 760 246 iugis
778 204 827 244 D;
853 202 1024 244 aduret(?)
1047 203 1088 235 A.
1106 220 1148 226 —
1171 201 1203 241 9,
1227 200 1250 233 4
1266 203 1354 234 citra
1371 203 1489 234 mnndi
1506 203 1692 234 terminum

126 251 168 282 D.
202 267 246 272 —
283 248 340 289 10,
373 248 396 281 4
421 250 559 282 Christe
585 250 628 281 D.
653 265 698 270 --
722 246 778 287 10,
804 247 824 280 5
849 250 903 280 ira
927 249 1105 280 refrenans
1130 249 1173 280 D.
1198 265 1243 271 —-
1269 245 1327 286 10,
1352 245 1372 278 6
1398 248 1502 280 donet
1526 249 1565 280 B.
1589 265 1634 269 —
1657 248 1690 280 D

125 296 202 338 fiigt
224 296 315 327 noch
340 296 415 328 bei:

492 340 613 372 Gloria
638 342 672 371 et
695 339 807 370 honor
830 339 917 376 Deo,
943 340 1054 370 virtus
1080 342 1114 370 et
1138 340 1322 380 imperium

491 386 573 418 Una
597 386 688 425 patri
713 384 872 425 filioque,
898 381 1059 426 incliti[!]
1086 385 1266 426 paraclito,

494 431 559 462 Cui
585 429 697 462 honor
722 433 756 461 et,
780 433 936 471 potestas
962 431 999 461 in
1024 433 1166 461 aeterna
1191 429 1342 461 saecula.

218 520 428 552 Aufschrift:
456 521 603 552 Carmen
620 519 663 551 de
688 520 859 552 brevitate
882 520 978 551 vitae
1003 520 1047 552 C:
1073 520 1162 551 Item
1188 520 1342 552 eiusdem
1367 523 1476 551 metro
1502 519 1689 561 trochayco

125 567 167 599 de
192 567 365 599 brebitate
390 566 495 598 huius
520 566 616 597 vitae
633 567 680 606 A,
706 566 761 597 De
778 566 1047 596 annuntiatione
1065 566 1198 597 ruinae.
1216 566 1258 597 D.
1277 583 1320 588 —
1336 566 1451 597 Auctt.
1471 566 1579 607 antiq.
1596 565 1690 604 XIV,

125 610 191 644 235
217 622 267 653 sq.

595 722 652 758 75.
690 722 748 765 (3.)
784 722 960 764 Hymnus
985 721 1028 756 in
1053 722 1214 758 Pacem.

333 819 366 856 1.
399 813 513 855 Haec
542 820 674 853 nostra
704 815 811 852 nobis
844 814 1043 852 conferunt
1074 815 1305 863 peccamina,

403 874 505 919 Quae
537 876 793 919 provocarunt
823 872 960 909 iudicis
992 872 1229 922 sententiam,

405 930 523 975 Quam
558 930 663 967 nulla
694 928 802 966 flexit
834 929 948 975 digna
978 929 1234 976 paenitentia3

688 987 820 1031 Parce,
854 985 1098 1032 redemptor!

328 1079 367 1115 2.
400 1073 580 1115 Iucunda
611 1076 720 1113 nobis
755 1076 906 1123 quando
938 1076 1052 1113 donat
1084 1082 1266 1124 tempora,

403 1134 468 1170 Nil
500 1133 625 1170 laudis
656 1133 736 1179 ille,
770 1133 823 1169 nil
855 1143 1048 1170 sacramus
1079 1134 1246 1182 gratiae3

404 1190 514 1227 Nunc
546 1200 635 1237 ergo
669 1190 786 1237 deest,
821 1190 883 1236 qui
915 1194 1068 1226 ruentes
1099 1190 1250 1229 allevet.

676 1248 808 1293 Parce,
841 1244 1083 1292 redemptor!

327 1340 363 1376 3.
395 1335 542 1385 Kaptis
574 1338 706 1375 amicis
738 1342 774 1374 et
805 1338 970 1384 perustis
1001 1339 1173 1384 praediis

400 1395 522 1432 Deum
553 1405 754 1441 precemur
786 1394 900 1431 corde
932 1405 1015 1431 cum
1051 1395 1237 1441 suspiriis,

401 1452 453 1490 Ut
485 1456 617 1489 curvet
648 1452 776 1488 hostes
808 1455 845 1487 et
876 1451 1031 1488 resistat
1061 1451 1258 1498 improbis.

682 1508 814 1556 Parce,
848 1508 1084 1554 redemptor!

326 1601 361 1636 4.
395 1594 484 1636 Lux
516 1599 751 1645 angelorum,
783 1598 856 1635 iam
888 1598 1071 1645 benignus
1102 1598 1245 1645 accipe,

403 1655 609 1701 Compesce
640 1655 755 1699 bella,
788 1655 909 1692 redde
940 1655 1043 1701 pacis
1075 1655 1225 1701 gaudia,

404 1712 578 1749 Contrita
610 1713 726 1749 corda
758 1717 867 1749 sanet
896 1712 1144 1759 indulgentia.

679 1769 811 1818 Parce,
845 1769 1087 1815 redemptor!

325 1863 361 1898 5.
394 1856 513 1909 Mors,
549 1870 648 1904 ecce,
683 1860 768 1897 dira
798 1863 927 1896 nostra
958 1859 1083 1905 pulsat
1114 1863 1281 1905 pectora,

399 1916 536 1953 Fames
568 1920 761 1964 perurget,
794 1917 870 1953 tela
901 1916 992 1952 belli
1026 1919 1278 1962 concrepant,

399 1973 586 2021 Concede,
621 1973 785 2023 Christe,
818 1974 893 2010 iam
925 1973 1052 2019 quieta
1082 1977 1265 2018 tempora,

678 2031 809 2079 Parce,
844 2030 1084 2076 redemptor!

325 2122 361 2159 6.
394 2116 478 2158 Non
510 2120 568 2157 ira
601 2120 724 2167 duret,
757 2120 823 2156 sed
852 2119 1017 2156 medella
1047 2119 1248 2165 proximet,

397 2176 476 2220 Qua
509 2177 708 2213 deleantur
738 2187 871 2223 prava,
905 2186 1000 2222 quae
1030 2175 1297 2222 commisimus,

398 2233 449 2269 Et
479 2232 660 2270 finiantur
694 2234 801 2281 dura,
834 2243 928 2279 quae
959 2232 1209 2278 pavescimus,

678 2290 808 2338 Parce,
843 2289 1082 2335 redemptor!

325 2381 360 2418 7.
394 2375 428 2419 0
461 2390 535 2426 pax
566 2380 756 2426 perennis,
789 2391 810 2417 o
840 2380 1018 2426 perennis
1048 2379 1191 2426 gloria!

399 2437 534 2473 Pacem
566 2448 753 2483 rogamus,
786 2436 893 2482 pacis
923 2434 1024 2472 infer
1056 2436 1214 2482 copiam,

400 2493 549 2529 Favore
581 2493 685 2539 pacis
718 2504 808 2540 gens
837 2493 1006 2539 quiescat
1037 2492 1213 2530 barbara.

676 2550 807 2594 Parce,
840 2550 1080 2596 redemptor!

332 2640 369 2676 8.
401 2635 525 2677 Pater
555 2639 709 2685 superni
741 2639 904 2676 numinis
935 2639 1118 2686 piissime,

396 2692 546 2734 Assiste
576 2693 686 2732 fessis
718 2701 754 2731 et
784 2696 950 2732 iacentes
982 2695 1096 2744 erige,

397 2751 546 2789 Bellum
578 2757 759 2798 paventes
790 2752 865 2789 iam
896 2753 1041 2799 quietos
1074 2751 1195 2795 effice,

676 2809 809 2854 Parce,
842 2809 1080 2855 redemptor!
