1785 3111
717 137 770 142 -
831 114 911 154 649
971 87 1038 141 —‘

88 227 154 268 13.
202 227 382 265 Sanctum
407 228 480 265 Dei
509 229 563 265 sic
595 229 753 266 deduxit

200 284 354 333 Turma,
387 283 507 323 ferme
538 296 633 332 quae
658 284 837 324 confluxit

257 341 527 379 Trecentorum
559 342 717 390 milium,

200 397 313 435 quta
343 408 486 435 morem
517 403 554 436 et
586 399 779 436 decretum

200 453 364 492 Pulchre
394 454 506 492 nimis
537 456 586 493 ad
618 460 836 493 consuetum

252 511 396 548 Montis
427 513 685 558 supercilium.

85 612 152 652 14.
202 613 232 651 O
264 611 442 650 festivum
473 613 592 661 phase
621 616 710 665 tale,

203 669 398 716 Nusquam
428 671 620 718 reperitur
650 672 760 719 quale

258 726 303 763 In
334 727 453 764 sacris
486 727 693 776 codicibus,

199 781 342 820 Nostra
380 783 449 821 sed
489 794 559 821 nec
590 785 686 821 vidit
716 789 835 834 aetas,

202 839 396 886 Siquidem
428 841 580 878 excedit
608 846 728 880 metas

253 896 382 934 Modis
412 897 700 944 multiplicibus,

85 997 150 1036 15.
196 997 282 1044 Eia,
312 998 465 1046 Xantis,
496 999 727 1050 iucunderis,

195 1054 387 1092 Illustrari
417 1055 518 1102 quod
550 1056 707 1094 mereris

251 1111 344 1149 Tam
375 1112 575 1158 praeclaro
605 1113 758 1164 lumine,

195 1168 432 1215 Amplexare
463 1180 611 1206 sacrum
643 1168 755 1207 funus

195 1227 230 1263 A
260 1225 415 1262 remotis
445 1224 516 1262 tibi
546 1237 679 1263 munus

251 1281 412 1319 Missum
444 1282 518 1320 Dei
548 1283 713 1324 numine,

910 617 972 654 17.

904 1000 968 1039 18.

910 231 974 271 16.
1021 230 1065 267 In
1095 233 1133 266 te
1164 228 1317 278 cubans,
1349 239 1458 266 sacra
1488 229 1600 276 polis,

1021 287 1152 323 Victor
1181 286 1281 322 lucet
1311 286 1433 323 instar
1463 286 1554 323 solis

1078 342 1202 390 Signis
1234 342 1532 392 coruscantibus,

1020 400 1126 437 Dans
1158 399 1323 437 obsessis
1353 399 1583 448 libertatem,

1020 458 1185 495 Mortem
1218 456 1371 502 morbis,
1403 457 1604 494 sanitatem

1077 513 1212 550 Multis
1243 512 1535 552 infirmantibus,

1019 615 1049 653 O
1081 615 1248 652 solamen
1278 615 1318 651 in
1348 616 1560 662 tormentis,

1019 672 1049 710 Ο
1081 676 1248 709 tutamen
1280 674 1433 709 nostrae
1464 673 1599 719 gentis,

1077 729 1202 765 Decus
1234 732 1271 765 et
1301 728 1459 777 laetitia,

1020 785 1075 822 Te
1104 796 1279 832 rogamus
1310 785 1565 833 vehementer,

1020 841 1125 878 Mala
1155 842 1255 888 pelle
1287 841 1501 890 diligenter,

1075 897 1233 935 Morbos
1260 902 1373 944 atque
1403 898 1495 936 vitia

1016 1000 1073 1037 Tu
1101 1010 1168 1036 vas
1200 999 1282 1036 auri
1313 999 1529 1046 solidatum,

1016 1057 1171 1094 Cunctis
1217 1057 1373 1103 gemmis
1414 1056 1639 1094 adornatum

1072 1113 1243 1151 Radians
1274 1118 1315 1150 ut
1344 1111 1480 1163 facula,

1016 1171 1096 1217 Quo
1138 1169 1384 1216 resplendent
1426 1170 1537 1217 longe
1567 1175 1657 1208 nota

1015 1227 1115 1273 Tibi,
1147 1230 1306 1274 martyr,
1338 1227 1413 1264 iam
1447 1228 1582 1264 devota

1076 1283 1212 1321 Troiae
1242 1283 1501 1324 tabernacula.

492 1385 559 1423 19.
605 1384 682 1423 Sub
714 1385 865 1423 vexillis
899 1388 1053 1422 sanctae
1084 1385 1207 1422 crucis

604 1442 731 1479 Morte
762 1451 918 1489 pressus
953 1443 1063 1479 divae
1093 1442 1188 1479 lucis

663 1498 768 1536 Stola
798 1499 871 1535 iam
902 1499 1097 1548 indueris3

605 1555 706 1592 Hinc
737 1565 938 1602 precamur
969 1566 1061 1593 voce
1092 1556 1188 1605 pari,

605 1611 685 1649 Fac
715 1623 783 1649 nos
815 1616 939 1649 tecum
970 1612 1159 1649 illustrari

660 1669 833 1716 Lumine,
868 1680 939 1716 quo
972 1668 1124 1707 frueris.

170 1768 239 1800 BC.
264 1786 310 1791 —
338 1767 367 1807 1,
393 1766 414 1800 4
437 1779 514 1800 cum
539 1769 667 1801 festiva
691 1769 777 1801 fehlt
804 1771 839 1801 Β.
866 1788 911 1791 -
937 1768 966 1808 1,
992 1769 1012 1802 5
1037 1770 1205 1802 comitiva
1228 1770 1314 1802 fehlt
1331 1770 1368 1801 B.
1398 1788 1442 1792 ——
1470 1769 1498 1809 1,
1525 1769 1545 1804 6
1569 1770 1658 1803 fehlt

77 1813 116 1844 B.
143 1830 188 1834 —
212 1811 243 1854 2,
269 1811 292 1845 4
316 1813 417 1846 Anno
444 1818 568 1857 quater
593 1817 626 1847 et
650 1815 793 1847 milleno
819 1815 860 1846 A.
885 1832 930 1837 —-
954 1813 986 1853 4,
1012 1814 1032 1847 6
1058 1815 1194 1847 Clarior
1218 1817 1381 1858 apparuit
1408 1817 1447 1848 B.
1473 1833 1517 1838 —
1541 1816 1607 1848 Str.
1634 1814 1655 1848 8

78 1858 134 1890 bis
162 1856 204 1890 19
227 1859 344 1891 fehlen
361 1860 398 1892 C.
424 1877 469 1882 ——
488 1859 539 1899 14,
565 1859 587 1892 3
605 1870 720 1893 sacres
739 1861 778 1892 B.
796 1879 840 1883 -—
860 1858 912 1900 19,
937 1859 958 1892 2
977 1862 1105 1903 pressis
1123 1861 1161 1892 B.
1179 1878 1222 1883 --
1242 1862 1365 1893 Dieses
1384 1861 1472 1894 Lied
1490 1861 1656 1894 schildeit

79 1903 136 1936 die
161 1904 278 1947 grosse
302 1905 564 1939 Viktorstracht
588 1916 657 1938 von
684 1904 783 1939 1464.
