1785 3111
753 80 1059 121 —540—

126 193 155 227 1.
193 195 304 236 Super
328 198 470 226 cunctas
496 196 529 225 et
553 203 636 235 prae
661 195 796 226 cunctis
1008 193 1205 236 Singularis
1232 204 1267 225 es
1294 196 1328 224 et
1352 204 1431 232 una,

191 241 265 271 Iam
291 239 416 281 puellis
441 239 580 270 Christo
606 240 734 271 iunctis
1008 238 1073 270 Cui
1098 239 1195 270 nulla
1220 241 1272 270 est
1297 239 1459 278 secunda,

190 285 240 316 Te
265 285 403 323 extollo,
430 288 464 315 te
487 283 632 323 honoro,
1008 285 1106 316 Intra
1130 284 1276 315 thalami
1305 288 1439 316 secreta

191 329 383 372 Seraphino
410 340 512 370 super
536 329 641 361 choro
903 357 907 360 .
1010 330 1149 362 Cubans
1175 340 1251 361 cum
1277 329 1405 361 dilecto
1431 330 1534 369 laeta,

191 376 288 414 Quae
314 377 473 416 potenter
499 375 702 416 dominaris,
1009 375 1118 407 Cuius
1142 375 1266 406 frueris
1292 375 1464 416 amplexu,

191 422 374 453 Universis
399 421 620 461 principaris,
1008 419 1096 451 Eius
1122 420 1277 461 gaudens
1302 421 1339 451 in
1364 424 1517 461 aspectu,

235 467 349 497 Maria
374 466 627 506 potentissima.
1058 466 1195 507 Sponsa
1220 465 1451 497 divinissima.

190 512 397 553 Imperatrix
422 511 631 553 reginarum,
942 546 947 553 ⁵

189 556 289 588 Arois
315 556 401 588 Sion
430 559 602 597 sceptrum
628 557 760 588 clarum
941 542 972 576 3.
1010 545 1178 576 Nostrum
1203 544 1307 576 decus
1333 547 1368 575 et
1391 544 1543 583 lucerna,

195 602 336 634 Summa
361 604 458 633 tenes
483 604 664 642 potestate,
1009 589 1223 642 T‘Qappello
1248 593 1327 642 tuus
1353 600 1471 643 ῩθῙὟξῆν

189 648 230 678 In
255 657 324 688 qua
349 647 464 678 cuncti
490 648 634 678 civitate
1010 635 1118 667 Culus
1144 634 1244 687 thoro
1270 636 1438 687 virginali
1465 682 1471 688 ι

189 694 237 724 Te
263 693 420 732 reginam
445 695 663 731 venerantur,
1011 680 1155 722 semper
1178 680 1287 722 ghseo
1312 681 1474 712 lammam

188 738 419 776 Inclinantm,
445 738 674 769 incurvantur
1010 726 1096 757 oum
1122 729 1262 778 caterva·
1280 725 1484 767 Puellarum,

236 784 312 815 Tua
338 783 380 814 ad
407 784 564 824 imperia·
1008 771 1160 802 Tuarum
1188 770 1483 812 pedissequarum,

1054 816 1103 847 Te
1129 819 1315 857 praesenta
1338 815 1422 847 filio.

119 861 155 894 2.
192 863 411 902 Principissa
435 865 472 893 tu
498 862 689 903 praeclara,
1008 862 1076 892 Pro
1103 872 1156 893 me
1181 861 1281 892 illum
1306 861 1510 903 depreceris,

191 907 329 938 Christo
355 918 481 948 sponso
507 907 608 939 valde
634 918 724 946 cara,
1010 907 1107 946 Quae
1134 907 1306 948 repulsam
1332 917 1402 938 non
1426 909 1558 939 vereris

190 954 298 992 Quem
327 952 476 984 iucunde
502 953 683 993 oscularis,
1011 953 1101 984 Ante
1127 952 1290 984 thronum
1316 954 1519 992 maiestatis,

189 998 416 1029 Laetabunde
445 998 666 1039 amplexaris,
1012 998 1058 1030 Ut
1083 1001 1251 1039 agnoscat
1276 999 1340 1029 mis
1365 999 1517 1039 peccatis

189 1044 297 1075 Cuius
322 1046 427 1085 gustu
452 1044 603 1081 satiaris,
1008 1043 1135 1085 Meque
1161 1043 1281 1081 salvet,
1309 1044 1368 1084 qui
1394 1044 1526 1075 creavit

187 1089 259 1120 Nec
284 1098 305 1119 a
332 1098 506 1130 quoquam
533 1089 708 1129 superaris
1008 1089 1055 1120 Et
1085 1099 1205 1120 cruore
1232 1099 1294 1120 suo
1319 1089 1416 1127 lavit,

232 1134 299 1165 Per
324 1138 448 1165 cuncta
473 1134 561 1165 caeli
588 1135 738 1175 agmina.
1057 1135 1112 1165 Me
1138 1143 1200 1165 suo
1227 1136 1351 1175 aptans
1377 1134 1477 1165 solio.

216 1211 244 1250 1,
274 1211 314 1244 13
340 1213 559 1244 Inclinantur
586 1217 620 1245 et
644 1216 834 1245 curvantur
853 1215 891 1245 B.
917 1231 960 1234 ——
985 1212 1015 1253 2,
1041 1211 1063 1244 4
1087 1213 1317 1244 Laetabundo
1336 1214 1372 1245 C.
1400 1232 1440 1235 —
1471 1212 1500 1251 2,
1523 1211 1564 1245 13
1582 1215 1690 1247 Cuius

121 1258 275 1301 gaudens
302 1259 346 1297 C,
373 1260 408 1289 111
434 1263 620 1299 conspectu
645 1259 775 1301 korrig.
802 1260 836 1290 in
862 1262 1004 1300 aspectu
1022 1258 1063 1290 E.
1089 1276 1132 1279 —
1157 1255 1187 1296 3,
1214 1257 1228 1289 1
1250 1258 1278 1289 O
1303 1262 1458 1289 nostrum
1485 1259 1588 1291 decus
1609 1260 1688 1299 GE,

121 1304 268 1335 Omnius
294 1304 414 1336 decum
441 1308 474 1335 et
499 1306 536 1335 Β.
566 1323 610 1327 -
634 1302 664 1341 3,
692 1303 711 1336 7
738 1308 918 1346 praesente
944 1304 1016 1335 BE.
1032 1321 1077 1325 --
1095 1303 1213 1344 Gegen
1231 1304 1287 1335 die
1304 1303 1559 1336 Authentizitat
1576 1305 1690 1336 dieser

121 1349 296 1390 Strophen
330 1349 461 1390 spricht
493 1349 555 1380 11115
581 1349 710 1381 Fehlen
740 1350 922 1382 (lerselben
948 1351 1004 1381 bei
1030 1350 1106 1381 Van
1134 1349 1194 1380 der
1219 1350 1346 1387 Sterre,
1373 1349 1429 1381 (lie
1453 1351 1690 1392 gegenseitige

120 1395 383 1436 Abhangigkeit
408 1406 478 1426 von
504 1396 604 1432 BCE,
632 1396 693 1426 11115
719 1395 849 1427 Fehlen
875 1396 934 1426 der
959 1394 1143 1426 Anakruse
1171 1393 1200 1436 1,
1228 1393 1286 1434 14;
1322 1393 1352 1432 2,
1380 1393 1417 1433 73
1449 1393 1478 1433 2,
1508 1393 1567 1435 14;
1594 1393 1623 1434 3,
1652 1394 1689 1436 73

120 1440 257 1471 endlich
285 1440 340 1471 die
367 1440 578 1482 Verletzung
603 1441 663 1472 der
688 1442 798 1472 Ciisur
824 1439 853 1479 2,
884 1440 924 1472 10
949 1441 1018 1471 111111
1046 1438 1097 1471 11.

210 1486 280 1516 Fiir
307 1486 363 1517 die
389 1486 578 1517 Authentie
602 1486 662 1517 des
687 1487 874 1518 Gedichtes
903 1486 1036 1527 spricht
1061 1496 1115 1523 es,
1149 1484 1224 1516 dass
1249 1495 1317 1516 van
1343 1485 1403 1516 der
1428 1485 1543 1517 Sterre
1569 1497 1604 1518 es
1626 1497 1689 1518 aus

121 1532 217 1563 einer
255 1531 464 1562 Steinfelder
501 1532 729 1563 Handschrift
770 1531 1053 1563 veroffentlichen
1089 1531 1234 1562 konnte:
1280 1530 1341 1571 „de
1377 1530 1523 1572 hymno,
1552 1533 1611 1572 qui
1652 1533 1689 1563 in

122 1576 380 1608 Steinveldensi
414 1576 476 1607 MS
507 1580 653 1608 vocatur
678 1575 833 1609 Iubilus“
868 1578 912 1618 (p.
946 1574 1043 1615 314),
1076 1586 1139 1607 vor
1164 1576 1267 1607 allem
1293 1577 1375 1608 aber
1399 1576 1454 1607 die
1480 1575 1688 1609 Ausdrl‘icke

119 1622 431 1653 eolumbellae
465 1620 502 1659 2,
529 1620 550 1653 2
575 1622 645 1653 111111
678 1633 777 1654 10511
807 1621 845 1661 5,
871 1620 977 1659 2-4,
1004 1622 1060 1653 die
1086 1622 1283 1652 Hermanns
1308 1621 1687 1662 Lieblingsausdriicke

121 1677 237 1698 waren
272 1678 332 1697 zur
365 1667 612 1709 Bezeichnung
644 1668 704 1699 der
737 1669 957 1709 Jungfrauen
988 1667 1137 1699 Ursulas
1171 1666 1241 1698 und
1277 1668 1390 1698 seiner
1424 1665 1574 1707 „Braut“
1604 1667 1686 1709 (vgl.

121 1712 203 1743 Vita
239 1723 266 1743 0.
302 1710 344 1743 22
378 1713 447 1743 111111
480 1714 569 1744 oben
604 1712 644 1751 5,
677 1712 709 1753 N)
739 1715 863 1747 Maria.
913 1714 1015 1744 Deun
1050 1723 1087 1743 so
1121 1712 1254 1743 erziihlt
1287 1722 1351 1743 11115
1384 1712 1445 1743 (las
1480 1713 1688 1745 Steinfelder

122 1758 240 1789 Leben
266 1758 465 1788 Hermanns
500 1770 527 1789 0.
563 1757 632 1790 29.;
671 1759 781 1798 „unde
815 1762 848 1790 et
881 1761 1003 1799 postea
1038 1761 1145 1788 totam
1180 1768 1313 1789 sacram
1343 1757 1564 1789 sodalitatem
1589 1758 1686 1790 illam

122 1813 256 1833 necnon
292 1813 409 1833 omnes
445 1805 599 1844 virgines
634 1805 707 1835 Deo
741 1804 884 1835 devotas
920 1803 1229 1835 Columbellas
1262 1813 1386 1834 vocare
1419 1805 1521 1844 quasi
1545 1804 1687 1835 nomine

120 1849 252 1879 usitato
278 1846 492 1887 cousuevit,‘⁴
521 1852 567 1885 (v.
592 1849 625 1880 d.
644 1849 759 1880 Sterre
786 1861 816 1890 p.
843 1848 899 1888 59)
923 1849 992 1880 und
1011 1859 1039 1880 0.
1058 1847 1119 1879 24:
1150 1849 1391 1889 „Cognoscens
1410 1848 1469 1880 ille
1486 1849 1685 1890 loquentem

117 1892 309 1933 (Mariam),
345 1903 447 1933 quam
484 1904 552 1924 non
587 1900 731 1925 noverat
757 1896 791 1925 in
818 1898 978 1935 aspectu:
1010 1895 1109 1925 Tuno
1135 1904 1190 1932 eS,
1225 1895 1357 1935 inquit,
1392 1904 1411 1924 0
1439 1895 1577 1926 Rosa?
1628 1895 1688 1926 Sic

120 1939 211 1969 enim
249 1950 289 1970 ex
330 1940 439 1969 nimia
477 1939 734 1976 familiaritate,
773 1950 958 1981 suppresso
994 1940 1133 1970 nomine
1170 1940 1385 1970 reverentiae
1420 1949 1496 1970 eam
1528 1941 1687 1971 vocitare

118 1982 321 2015 consuevit“
356 1982 400 2022 (v.
435 1984 466 2015 (1.
494 1984 608 2016 Sterre
642 1996 673 2025 p.
708 1983 772 2023 76).
822 1985 908 2016 Dass
942 1984 1003 2015 (las
1028 1984 1177 2016 Gedieht
1210 1984 1549 2016 irrtiimlicherweise
1575 1986 1684 2017 Lans-

119 2031 258 2070 pergius
292 2029 563 2071 zugeschrieben
596 2028 680 2071 (vgl.
707 2030 821 2061 Sterre
849 2041 880 2071 p.
907 2028 994 2068 345),
1026 2030 1200 2070 beweisen
1225 2030 1281 2061 die
1306 2029 1597 2070 Handschriften,
1631 2031 1687 2062 die

117 2074 205 2105 alter
231 2074 309 2105 sind
337 2075 388 2105 als
415 2075 539 2107 dieser.

527 2209 609 2245 370.
647 2209 705 2251 (2.)
741 2209 892 2244 lubilus
918 2209 965 2244 de
991 2209 1039 2244 B.
1067 2208 1199 2243 Maria
1224 2209 1270 2244 V.

120 2291 155 2328 1.
203 2290 351 2339 Gaude,
385 2292 537 2338 plaude,
584 2292 686 2329 clara
717 2292 866 2342 Rosa,
942 2294 979 2332 2.
1028 2291 1172 2336 Gaude,
1206 2301 1288 2328 mea
1319 2291 1500 2341 speciosa,

206 2348 299 2384 Esto
335 2353 478 2385 maesto
510 2359 598 2385 cara
628 2359 754 2397 prosa,
1026 2348 1093 2386 Cui
1126 2348 1265 2385 clamo:
1299 2348 1450 2394 Rosa,
1495 2348 1644 2396 Rosa,

209 2404 409 2453 Salutanti,
443 2404 686 2452 supplicanti,
1026 2404 1189 2441 Pulchra
1222 2404 1331 2441 nimis
1364 2409 1400 2440 et
1431 2403 1609 2449 formosa,

207 2460 260 2497 Te
292 2461 439 2507 roganti
473 2461 534 2498 dic
563 2461 723 2499 amanti:
1024 2461 1146 2509 Super
1177 2471 1304 2498 omnes
1335 2471 1508 2498 amorosa

210 2529 216 2534 ·
264 2517 307 2553 ln
341 2517 491 2554 Christo
522 2522 560 2553 te
593 2529 807 2555 servavero.
1082 2518 1138 2554 Tu
1170 2518 1250 2554 sola
1281 2517 1361 2553 sine
1393 2527 1580 2563 compare.

206 2572 343 2610 Colens
375 2574 507 2611 volens
537 2578 574 2610 te
606 2574 760 2622 sentire,
1024 2574 1169 2621 Gaude,
1210 2584 1291 2610 mea
1322 2577 1363 2610 tu
1396 2573 1569 2621 dulcedo,

205 2629 313 2677 Quod
331 2630 382 2666 sis
400 2640 591 2679 praesens,
614 2629 673 2667 fac
685 2630 863 2676 mescire,
1023 2631 1121 2666 Vere
1154 2630 1276 2666 dulcis
1308 2630 1392 2675 plus
1425 2640 1533 2675 quam
1562 2630 1684 2678 medo,

204 2686 415 2723 Intuentem
447 2686 608 2733 intuere,
1023 2687 1079 2723 Tu
1113 2697 1177 2723 cor
1206 2697 1328 2722 meum
1364 2685 1563 2723 dulcorare

204 2742 333 2779 Sinum
361 2746 464 2779 tuum
498 2743 547 2780 da
577 2746 710 2791 patere
1022 2743 1073 2780 Et
1104 2753 1163 2779 me
1196 2741 1310 2779 debes
1345 2741 1521 2779 debriare

255 2799 320 2836 Me
350 2803 468 2836 totum
500 2798 571 2836 tibi
607 2798 734 2836 offero.
1082 2799 1314 2845 voluptuoso
1348 2803 1513 2838 nectare.
