1785 3111
674 37 951 74 -51—

242 152 355 200 Ecce,
388 149 508 198 brevi,
541 161 624 187 cum
654 160 791 196 magna
821 149 987 196 potentis
1017 149 1208 187 exarserit
1238 149 1308 195 ira,

160 208 211 247 30
243 208 411 246 Ventilet
440 211 483 244 ut
512 211 631 244 totum
663 206 793 244 divino
824 207 998 243 examine
1029 206 1220 255 mundum,

245 264 425 312 Segreget
455 267 492 300 et
522 263 653 313 paleas
683 263 772 312 igni,
808 262 998 300 frumenta
1029 263 1170 312 saluti3

244 322 350 359 Tunc
379 331 519 371 omnes,
553 320 688 367 quibus
719 324 777 356 est
806 320 844 356 in
874 330 917 357 eo
946 331 1033 366 spes
1065 319 1155 367 fida,
1189 319 1304 359 beati.

134 420 219 455 Cod.
242 423 391 454 Parisin.
416 419 515 454 2122.
542 431 632 453 saec.
662 419 712 453 10.
739 438 783 442 —
811 419 852 452 15
878 421 960 462 lugo
986 421 1116 463 korrig.
1142 422 1178 452 in
1203 421 1288 453 luto.
1311 438 1354 442 —-
1371 418 1414 452 22
1433 420 1612 461 adfligant.

40 487 83 556 p—
101 467 152 546 223
170 469 370 556 Szapessito.
395 485 440 489 —
463 464 508 499 28
532 467 637 498 Modo
663 468 744 498 iam.
771 484 812 488 —-
839 464 883 498 30
908 467 1065 498 Ventilet
1089 477 1112 498 u
1136 470 1247 498 totum
1272 466 1402 498 divine.
1428 483 1471 487 —
1496 466 1612 501 Hartl,

519 613 578 648 51.
615 613 670 654 (4).
707 613 891 648 Psalmus
921 611 1145 647 CXXXVI.

724 683 839 715 Carm.
864 682 926 714 IX.

265 775 439 813 Sedimus
469 775 617 823 ignotos
649 775 756 812 dirae
787 775 994 821 Babylonis
1029 774 1078 811 ad
1114 784 1243 811 amnes

269 832 432 880 Captivi,
464 831 607 869 Iudaea
637 843 782 880 manus,
816 831 1033 868 miserabile
1065 830 1212 879 flentes,

269 889 362 927 Cum
394 888 560 935 patrium
591 889 748 926 memori
779 889 1016 926 traheremus
1043 893 1201 935 pectore
1229 888 1318 925 Sion

265 945 317 983 Et
347 945 523 982 meritum
551 946 651 983 iusta
682 946 960 992 suspiraremus
992 945 1039 982 ab
1072 946 1130 982 ira

211 1004 233 1040 5
267 1002 467 1051 Exsilium,
499 1002 613 1040 lentis
644 1014 717 1049 qua
746 1003 891 1040 consita
922 1002 1006 1049 ripa
1036 1002 1181 1039 salietis

268 1059 496 1106 Hospitibus
525 1059 674 1107 populis
705 1060 859 1097 umbras
891 1059 1101 1106 praebebat
1132 1058 1287 1097 amicas.

269 1116 355 1153 Illic
384 1117 569 1164 Assyriae
601 1117 735 1153 mediis
766 1116 804 1154 in
836 1116 1032 1153 moenibus
1064 1115 1168 1152 urbis

270 1172 389 1211 Obliti
421 1173 542 1210 laetas
573 1184 643 1220 per
674 1178 816 1211 maesta
847 1173 997 1210 silentia
1030 1183 1140 1210 voces

268 1229 326 1267 De
357 1230 515 1267 salicum
545 1231 659 1267 ramis
691 1231 957 1277 suspendimus
992 1241 1134 1277 organa
1165 1234 1308 1268 nostra.

184 1287 235 1325 10
268 1286 441 1334 Namque
473 1286 591 1324 dabat
620 1287 729 1324 nobis
761 1288 896 1324 durum
929 1287 1055 1334 gravis
1085 1287 1143 1323 ira
1175 1286 1358 1332 dolorem,

268 1344 377 1389 Quod
409 1343 521 1381 solita
552 1345 591 1381 in
622 1349 755 1381 sancto
790 1345 962 1391 depromi
995 1344 1142 1380 cantica
1173 1343 1316 1389 templo

267 1400 373 1438 Haec
404 1401 454 1438 ad
487 1401 645 1438 delicias
677 1401 750 1438 sibi
781 1413 848 1439 nos
881 1407 1036 1438 cantare
1067 1400 1223 1437 iubebat

269 1458 413 1504 Impius
444 1458 522 1504 ille,
557 1458 668 1495 domo
699 1458 761 1505 qui
792 1470 860 1495 nos
889 1458 1118 1505 abduxerat,
1151 1457 1283 1495 hostis.

270 1514 423 1562 Ergone
455 1515 605 1552 divinas
636 1515 770 1552 laudes
802 1520 838 1552 et
870 1515 1037 1552 carmina
1068 1515 1182 1551 castis

185 1570 234 1609 15
270 1573 374 1618 Apta
406 1571 531 1608 choris
562 1572 663 1609 inter
693 1583 803 1609 sacra
834 1572 998 1610 barbara
1030 1570 1217 1618 foedaque
1249 1570 1361 1607 busta

268 1628 379 1665 Inter
409 1632 447 1665 et
477 1639 657 1666 accensas
689 1628 849 1666 funestis
880 1629 1031 1676 ignibus
1062 1640 1160 1677 aras,

270 1685 367 1732 Heu,
400 1685 498 1722 male
530 1685 577 1722 de
607 1691 738 1723 nostro
770 1687 882 1723 laetis
912 1696 1083 1723 maerore
1111 1695 1287 1722 canemus

271 1742 403 1788 Deque
434 1743 498 1790 pio
530 1743 606 1779 ritu
637 1743 764 1780 luxum
798 1742 980 1780 faciemus
1012 1743 1194 1790 iniquum,

271 1799 440 1846 Mystica
469 1799 519 1837 ad
552 1800 728 1836 hostilem
761 1800 999 1837 modulantes
1033 1799 1180 1837 cantica
1211 1797 1373 1836 ludum?

182 1856 234 1893 20
266 1856 346 1902 Quo
377 1856 506 1892 miseri
537 1868 636 1893 nunc
671 1868 736 1894 ore
767 1868 895 1894 sacros
927 1857 1166 1893 cantabimus
1198 1856 1370 1903 hymnos,

270 1913 399 1958 Quove
429 1913 512 1950 loco
544 1913 716 1960 Babylon
748 1914 871 1960 poscit
903 1914 976 1950 sibi
1008 1913 1158 1950 cantica
1190 1912 1308 1950 Sion?

273 1969 349 2007 Sed
378 1970 530 2007 Domini
563 1981 714 2007 carmen
746 1971 859 2007 tellus
890 1971 1015 2008 aliena
1045 1969 1185 2007 mereri

272 2026 357 2063 Non
390 2028 504 2075 capit,
536 2027 713 2074 indignas
744 2039 854 2065 sacra
886 2039 958 2065 vox
990 2028 1177 2065 avertitur
1208 2037 1332 2064 aures.

271 2083 312 2120 Si
343 2088 468 2121 tamen
499 2089 542 2120 ut
573 2085 694 2130 captis
728 2085 901 2121 dominus
934 2084 1136 2121 violentior
1162 2084 1295 2130 instas,

187 2141 237 2179 25
270 2140 322 2176 Et
353 2141 383 2177 si
416 2145 544 2178 tantus
576 2152 682 2178 amor
713 2141 803 2179 Sion
835 2142 899 2188 pia
930 2152 1087 2178 noscere
1120 2141 1227 2179 vobis

272 2197 443 2244 Cantica,
477 2197 508 2234 si
540 2198 668 2244 pergis
700 2210 758 2235 me
791 2209 924 2245 cogere
956 2209 1030 2234 non
1062 2203 1128 2235 tua
1160 2197 1231 2235 fari

272 2253 323 2290 Et
357 2254 486 2291 divina
517 2255 588 2291 tibi
619 2266 800 2301 quaenam
835 2255 910 2291 sint
943 2255 1091 2292 cantica
1123 2255 1226 2303 Sion,

269 2311 430 2359 Accipe,
462 2311 552 2358 quid
586 2318 720 2358 captae
751 2312 854 2349 Deus
885 2312 987 2348 ultor
1020 2312 1207 2358 spondeat
1238 2311 1339 2355 urbi,

272 2367 331 2403 Ne
361 2368 513 2415 longum
546 2379 677 2415 speres
708 2369 781 2405 isto
813 2369 979 2415 gaudere-
1013 2369 1220 2416 triumpho,

184 2424 237 2461 30
270 2424 403 2470 Impie,
436 2436 509 2472 quo
540 2436 689 2462 sacrum
720 2426 833 2472 prodi
865 2425 936 2462 tibi
966 2427 1160 2472 praecipis
1191 2426 1401 2472 hymnum3

269 2481 383 2528 Ecce,
416 2482 498 2529 quis
530 2487 586 2518 est
618 2482 779 2530 hymnus
813 2483 976 2529 Domini,
1010 2493 1106 2528 quae
1139 2483 1286 2520 cantica
1320 2482 1435 2520 Sion:

274 2537 314 2574 Si
346 2537 453 2575 fuero
485 2539 624 2576 oblitus
655 2550 739 2576 mea
769 2540 928 2588 moenia,
962 2544 1012 2587 te,
1046 2550 1128 2576 mea
1161 2551 1263 2585 cara,

276 2594 380 2632 Urbs
412 2595 664 2643 Hierusalem,
697 2595 762 2633 fiat
795 2607 878 2632 mea
908 2608 982 2633 non
1015 2607 1158 2633 memor
1186 2607 1347 2642 unquam

275 2651 421 2689 Dextra
452 2653 537 2700 mei,
570 2663 653 2689 mea
683 2653 812 2699 lingua
842 2654 934 2689 meis
967 2657 1003 2689 et
1034 2654 1242 2690 adhaereat
1274 2663 1385 2689 arens

186 2707 235 2744 35
270 2707 475 2756 Faucibus,
504 2714 659 2746 aeterno
691 2710 763 2746 nisi
793 2715 830 2745 te
862 2710 1095 2756 complectar
1126 2720 1253 2747 amore

274 2764 327 2800 Et
358 2765 431 2801 nisi
460 2766 651 2812 principio
682 2767 860 2814 promissi
891 2766 929 2802 in
961 2767 1113 2804 saecula
1145 2767 1250 2813 regni

507 2836 509 2838 .
1368 2831 1417 2863 4*
