1785 3111
701 61 1012 102 -377-

255 178 291 215 7.
338 178 368 215 Ο
402 187 505 225 crUX,
538 187 634 223 quae
665 176 841 213 tenebras
874 176 1077 213 comitante
1107 175 1188 212 Deo
1218 173 1364 220 petiisti

336 231 556 280 Infernique
586 244 689 270 seras
722 238 759 269 et
790 233 942 279 pessula
973 231 1226 269 comminuisti

331 290 383 328 Et
413 290 545 326 mortis
575 290 729 336 laqueos
762 296 799 326 et
830 289 1011 327 scandala
1042 299 1155 325 saeva
1182 287 1352 333 scidisti3

248 382 286 420 8.
335 381 364 418 Ο
395 391 500 424 cruit,
534 380 581 417 de
611 379 731 426 paleis
764 378 992 416 frumentum
1023 378 1238 425 seposuisti,

333 437 440 474 Solos
473 437 520 490 de
550 436 718 473 tenebris
750 437 890 473 electos
923 436 1110 482 eripuisti,

332 494 425 532 Cum
457 493 591 540 quibus
623 495 765 540 ereptis
798 494 920 530 caelos
953 493 1065 529 etiam
1097 492 1260 534 subiisti,

247 587 284 624 9.
334 585 364 623 Ο
397 595 502 629 crux,
535 584 725 622 sideribus
758 595 853 630 quae
886 584 1025 620 clarior
1056 583 1242 620 emicuisti

332 642 391 679 Ac
422 642 589 678 renitens
623 641 725 678 caelo
756 641 897 677 sanctis
928 641 1012 677 loca
1043 645 1175 677 sancta
1207 640 1360 686 dedisti,

332 698 466 736 Gratia
496 709 630 745 magna
659 697 741 743 tibi,
774 708 869 744 quae
899 701 955 733 tot
985 701 1093 743 potes
1124 701 1161 733 et
1190 696 1360 743 potuisti.

216 791 279 829 10.
330 789 434 836 Ergo
465 788 573 825 bonis
605 787 720 824 tantis
752 787 801 823 sit
832 788 914 824 laus
946 798 991 824 ex
1024 798 1089 824 ore
1120 788 1326 835 precantiS,

328 845 432 892 Ergo
463 843 549 881 fave
580 844 683 891 genti
716 843 937 881 crucifixum
969 848 1080 890 teque
1111 842 1247 880 fatenti

329 902 576 948 Cultoresque
607 901 745 950 crucis,
778 912 799 938 o
833 912 937 949 crux,
970 899 1030 937 fer
1060 901 1108 938 ad
1140 901 1239 937 atria
1269 900 1377 937 lucis.

163 1002 307 1035 Colleet.
334 1012 396 1033 ms.
421 1001 637 1043 Tegurinum
667 1011 756 1033 saec.
785 998 837 1031 12.
886 1001 971 1032 Clm.
998 1001 1179 1032 Monacen.
1208 998 1334 1031 18580.
1361 1000 1401 1030 Α.
1427 1018 1470 1021 -
1496 999 1641 1030 Collect.

73 1060 135 1082 ms.
166 1048 327 1080 Roffense
367 1057 456 1079 saec.
494 1044 548 1078 12.
615 1047 698 1079 Cod.
734 1047 903 1078 Oxonien.
938 1046 1049 1077 Laud.
1082 1046 1230 1077 Mis-cell.
1264 1044 1318 1077 40.
1353 1047 1388 1076 Β.
1422 1063 1465 1066 —
1497 1045 1642 1077 Collect-

74 1105 135 1125 ms.
166 1094 385 1125 Burtonense
422 1102 510 1124 saec.
548 1089 598 1123 13.
648 1092 731 1124 Cod.
768 1092 963 1124 Londinen.
998 1093 1101 1133 Vesp.
1128 1092 1157 1123 E
1184 1092 1249 1123 III.
1276 1091 1310 1122 C.
1337 1108 1379 1112 —
1407 1091 1550 1122 Collect.
1578 1101 1639 1121 ms.

72 1139 258 1182 Anglicum
295 1149 384 1170 saee.
421 1136 472 1170 13.
522 1138 605 1170 Cod.
640 1139 810 1169 Oxonien.
845 1138 954 1168 Laud.
987 1137 1136 1169 Miscell.
1168 1135 1243 1169 500.
1274 1139 1313 1167 l).
1339 1154 1383 1157 —
1409 1136 1552 1167 collect.
1578 1146 1641 1166 ms,

73 1185 258 1227 Aug-licum
291 1194 380 1216 saec.
418 1182 470 1216 13.
519 1184 602 1215 eod.
636 1185 805 1216 Oxonien.
839 1183 957 1225 Dighy
989 1181 1042 1214 65.
1074 1179 1114 1213 Ε.
1142 1201 1185 1203 -
1210 1184 1305 1215 Orat.
1338 1192 1401 1213 ms.
1427 1182 1641 1223 Tegurinum

75 1232 159 1262 anni
187 1228 284 1262 1469.
335 1230 420 1263 clm.
446 1230 629 1261 Monacen.
659 1227 775 1260 19124
812 1230 848 1260 F.
876 1246 918 1249 ——

165 1274 202 1314 1,
233 1273 254 1306 2
284 1280 424 1317 portare
456 1276 646 1306 Dominum
681 1276 722 1306 D.
750 1292 794 1295 —
818 1273 855 1311 ⁸2,
893 1272 914 1304 2
947 1274 988 1305 de
1018 1275 1092 1305 vita
1116 1275 1155 1304 Β.
1184 1291 1221 1293 —
1250 1271 1285 1305 3,
1321 1271 1341 1303 2
1374 1272 1642 1313 Ecclesiamque

72 1322 176 1353 ADF.
201 1339 246 1342 —
270 1320 310 1365 6,
348 1320 369 1353 3
402 1322 572 1362 pepegisti
596 1321 728 1352 ACDF.
755 1338 800 1341 —
828 1318 885 1356 10,
923 1318 937 1350 1
965 1320 1047 1351 boni
1072 1319 1114 1350 E.
1140 1337 1184 1340 —-
1210 1320 1333 1350 Dieses
1360 1318 1447 1350 Lied
1472 1318 1581 1359 hangt
1605 1318 1642 1348 in

75 1367 168 1398 allen
195 1367 342 1407 Quellen
367 1367 594 1398 unmittelbar
618 1367 681 1397 mit
706 1366 782 1397 dem
807 1364 1113 1406 vorhergehenden
1139 1375 1356 1402 zusammen,
1383 1364 1453 1395 und
1480 1364 1540 1394 hat
1565 1363 1640 1394 also

76 1412 180 1444 keine
208 1412 418 1451 Aufschrift;
449 1411 537 1443 nach
567 1409 617 1449 10,
644 1409 664 1442 3
690 1412 807 1453 folgen
832 1410 921 1441 noch
947 1411 1003 1441 die
1030 1410 1154 1441 beiden
1180 1411 1305 1442 Verse:

344 1503 373 1533 O
398 1513 492 1541 crux,
519 1508 660 1544 protege
687 1513 739 1533 me
766 1502 829 1534 sub
856 1503 976 1533 mortis
1006 1511 1118 1542 agone
1144 1512 1338 1543 supremae,

344 1549 438 1580 Crux
462 1559 572 1587 sacra,
598 1549 678 1579 dum
703 1549 796 1586 vivo,
823 1558 875 1579 me
901 1548 1013 1579 salvet
1039 1548 1081 1579 ab
1107 1547 1207 1578 hoste
1233 1549 1369 1579 nocivo.

253 1727 334 1763 291.
371 1728 429 1769 (5.)
464 1727 752 1762 Tetrastichon
776 1726 928 1761 Malchi
953 1727 1004 1761 ad
1031 1726 1226 1771 Spiritum
1253 1726 1458 1762 Sanctum.

246 1834 281 1872 1.
331 1833 578 1879 Omnipotens
608 1830 759 1882 flamen,
791 1833 912 1878 patris
944 1832 1136 1879 prolisque
1165 1833 1341 1881 ligamen,

331 1890 496 1936 Spiritus
527 1889 735 1931 amborum,
766 1889 913 1934 parium
947 1900 1016 1935 par
1047 1900 1166 1926 nexus
1197 1901 1378 1937 amorum,

332 1946 532 1983 Vivificum
564 1956 715 1995 numen,
746 1946 873 1982 oriens
907 1946 954 1983 de
984 1946 1124 1982 lumine
1153 1946 1292 1995 lumen,

331 2003 449 2040 Pleno
480 2003 606 2049 sorde,
639 2002 760 2047 malis,
794 2008 859 2039 tua
890 2003 939 2039 sit
971 2003 1061 2039 mihi
1091 2003 1174 2040 laus
1206 2004 1378 2043 venialiS.

330 2094 405 2131 Hic
433 2093 500 2130 ubi
530 2093 611 2129 vult
642 2094 775 2140 spirat,
809 2093 926 2140 vadit,
960 2098 1100 2140 manet,
1132 2094 1258 2130 omnia
1288 2094 1400 2142 girat,

335 2151 410 2188 Res
440 2161 539 2188 nova
568 2150 755 2197 procedit,
788 2151 891 2187 venit
921 2150 1011 2186 inde
1042 2161 1111 2187 nec
1138 2150 1227 2187 inde
1258 2151 1414 2200 recedit,

334 2206 539 2244 Mirificum
570 2211 690 2243 totum
722 2217 833 2243 sensu
864 2207 1066 2253 linguaque
1097 2212 1294 2252 remotum,

330 2264 473 2310 Expiet
501 2264 562 2300 hic
592 2268 756 2300 mentem
787 2263 976 2309 magnalia
1006 2268 1113 2300 tanta
1143 2269 1358 2310 paventem.

245 2096 280 2132 ζὺ·

246 2357 283 2393 3.
330 2355 501 2392 Luminis
531 2355 630 2391 alme
660 2355 781 2399 dator,
816 2355 911 2391 caeli
942 2360 1141 2401 terraeque
1173 2361 1333 2405 creator,

332 2412 448 2457 Ordo,
479 2411 551 2448 Dei
584 2411 736 2458 digitus,
770 2411 907 2447 donum
939 2412 1071 2461 patris,
1105 2412 1245 2459 unctio,
1278 2413 1386 2462 ritus,

332 2468 478 2515 Gratia,
512 2467 596 2504 fons
629 2469 747 2513 vivus,
780 2468 854 2515 lex,
888 2469 999 2515 ignis,
1031 2479 1137 2505 amor
1167 2469 1366 2518 genitivus,

336 2525 512 2574 Spiritus,
545 2525 629 2571 ipse
660 2525 758 2569 veni,
792 2530 1025 2562 maerentum
1056 2531 1212 2572 pectora
1243 2526 1331 2563 leni.

245 2620 286 2656 4.
336 2618 543 2654 Pneumate
574 2616 731 2662 repletis
764 2626 846 2651 cum
878 2616 1039 2663 mystica
1071 2617 1170 2653 dona
1200 2617 1397 2663 prophetis

334 2673 426 2719 Das,
459 2671 590 2719 opifex
621 2673 754 2709 horum
783 2673 933 2718 sapiens
964 2673 1252 2719 mirabiliorum,

330 2730 432 2767 Mira
462 2730 566 2776 loqui
595 2734 718 2765 mutos
747 2728 842 2765 facis
874 2733 909 2765 et
941 2730 1128 2778 sapientia
1156 2730 1298 2778 brutos,

330 2786 550 2824 Pneumatis
580 2786 732 2832 ignaros
763 2784 824 2821 fac
855 2797 991 2832 gnaros
1023 2793 1059 2823 et
1089 2786 1159 2823 tibi
1191 2798 1311 2826 caros,
