<?xml version="1.0" encoding="UTF-8"?>
<!DOCTYPE html PUBLIC "-//W3C//DTD XHTML 1.0 Transitional//EN"
    "http://www.w3.org/TR/xhtml1/DTD/xhtml1-transitional.dtd">
<html xmlns="http://www.w3.org/1999/xhtml" xml:lang="en" lang="en">
 <head>
  <title>
</title>
<meta http-equiv="Content-Type" content="text/html;charset=utf-8" />
  <meta name='ocr-system' content='tesseract 3.04.00' />
  <meta name='ocr-capabilities' content='ocr_page ocr_carea ocr_par ocr_line ocrx_word'/>
</head>
<body>
  <div class='ocr_page' id='page_1' title='image "./analectahymnicam50drevuoft/analectahymnicam50drevuoft_0645.png"; bbox 0 0 1785 3111; ppageno 0'>
   <div class='ocr_carea' id='block_1_1' title="bbox 709 108 1019 149">
    <p class='ocr_par' dir='ltr' id='par_1_1' title="bbox 709 108 1019 149">
     <span class='ocr_line' id='line_1_1' title="bbox 709 108 1019 149; baseline 0.006 -2"><span class='ocrx_word' id='word_1_1' title='bbox 709 108 1019 149; x_wconf 79' lang='lat'>—619—</span> 
     </span>
    </p>
   </div>
   <div class='ocr_carea' id='block_1_2' title="bbox 533 218 1197 265">
    <p class='ocr_par' dir='ltr' id='par_1_2' title="bbox 533 218 1197 265">
     <span class='ocr_line' id='line_1_2' title="bbox 533 218 1197 265; baseline 0.006 -13"><span class='ocrx_word' id='word_1_2' title='bbox 533 218 613 255; x_wconf 71' lang='lat'>401.</span> <span class='ocrx_word' id='word_1_3' title='bbox 651 219 710 262; x_wconf 79' lang='lat'><strong>(3.)</strong></span> <span class='ocrx_word' id='word_1_4' title='bbox 746 219 924 265; x_wconf 78' lang='lat' dir='ltr'><strong>Hymnus</strong></span> <span class='ocrx_word' id='word_1_5' title='bbox 952 220 1001 255; x_wconf 79' lang='lat' dir='ltr'>ad</span> <span class='ocrx_word' id='word_1_6' title='bbox 1027 220 1197 257; x_wconf 78' lang='lat' dir='ltr'><strong>Laudes.</strong></span> 
     </span>
    </p>
   </div>
   <div class='ocr_carea' id='block_1_3' title="bbox 83 313 721 532">
    <p class='ocr_par' dir='ltr' id='par_1_3' title="bbox 83 313 721 532">
     <span class='ocr_line' id='line_1_3' title="bbox 83 313 643 361; baseline -0.004 -9"><span class='ocrx_word' id='word_1_7' title='bbox 83 315 120 352; x_wconf 85' lang='grc'>1.</span> <span class='ocrx_word' id='word_1_8' title='bbox 166 313 276 351; x_wconf 85' lang='lat' dir='ltr'>Felix</span> <span class='ocrx_word' id='word_1_9' title='bbox 305 315 478 361; x_wconf 88' lang='lat' dir='ltr'>Augusta</span> <span class='ocrx_word' id='word_1_10' title='bbox 509 313 643 351; x_wconf 85' lang='lat' dir='ltr'>civitas</span> 
     </span>
     <span class='ocr_line' id='line_1_4' title="bbox 165 370 686 420; baseline -0.002 -12"><span class='ocrx_word' id='word_1_11' title='bbox 165 373 267 417; x_wconf 82' lang='lat' dir='ltr'>Agat</span> <span class='ocrx_word' id='word_1_12' title='bbox 296 371 466 408; x_wconf 80' lang='lat' dir='ltr'>sollenne</span> <span class='ocrx_word' id='word_1_13' title='bbox 497 370 686 420; x_wconf 86' lang='lat' dir='ltr'>gaudium,</span> 
     </span>
     <span class='ocr_line' id='line_1_5' title="bbox 169 427 721 475; baseline 0 -11"><span class='ocrx_word' id='word_1_14' title='bbox 169 428 313 475; x_wconf 87' lang='lat' dir='ltr'>Pangat</span> <span class='ocrx_word' id='word_1_15' title='bbox 345 427 491 474; x_wconf 86' lang='lat' dir='ltr'>insigne</span> <span class='ocrx_word' id='word_1_16' title='bbox 522 427 721 474; x_wconf 81' lang='lat' dir='ltr'>multiplex</span> 
     </span>
     <span class='ocr_line' id='line_1_6' title="bbox 166 483 623 532; baseline -0.004 -10"><span class='ocrx_word' id='word_1_17' title='bbox 166 483 336 522; x_wconf 89' lang='lat' dir='ltr'>Odelrici</span> <span class='ocrx_word' id='word_1_18' title='bbox 365 484 623 532; x_wconf 84' lang='lat' dir='ltr'>praeconium,</span> 
     </span>
    </p>
   </div>
   <div class='ocr_carea' id='block_1_4' title="bbox 81 574 826 795">
    <p class='ocr_par' dir='ltr' id='par_1_4' title="bbox 81 574 826 795">
     <span class='ocr_line' id='line_1_7' title="bbox 81 574 826 623; baseline 0 -11"><span class='ocrx_word' id='word_1_19' title='bbox 81 575 120 612; x_wconf 85' lang='lat'>2.</span> <span class='ocrx_word' id='word_1_20' title='bbox 166 574 362 622; x_wconf 80' lang='lat' dir='ltr'>Laetetur,</span> <span class='ocrx_word' id='word_1_21' title='bbox 384 574 484 621; x_wconf 91' lang='lat' dir='ltr'>quod</span> <span class='ocrx_word' id='word_1_22' title='bbox 506 584 574 621; x_wconf 90' lang='lat' dir='ltr'>per</span> <span class='ocrx_word' id='word_1_23' title='bbox 599 575 826 623; x_wconf 84' lang='lat' dir='ltr'>praesulem,</span> 
     </span>
     <span class='ocr_line' id='line_1_8' title="bbox 162 631 696 679; baseline 0 -11"><span class='ocrx_word' id='word_1_24' title='bbox 162 631 276 669; x_wconf 88' lang='lat' dir='ltr'>Suum</span> <span class='ocrx_word' id='word_1_25' title='bbox 308 641 460 678; x_wconf 88' lang='lat' dir='ltr'>germen</span> <span class='ocrx_word' id='word_1_26' title='bbox 493 632 696 679; x_wconf 86' lang='lat' dir='ltr'>egregium,</span> 
     </span>
     <span class='ocr_line' id='line_1_9' title="bbox 160 687 641 734; baseline 0 -10"><span class='ocrx_word' id='word_1_27' title='bbox 160 687 378 725; x_wconf 78' lang='lat' dir='ltr'>OdelrIcum</span> <span class='ocrx_word' id='word_1_28' title='bbox 409 688 641 734; x_wconf 85' lang='lat' dir='ltr'>multiplicat</span> 
     </span>
     <span class='ocr_line' id='line_1_10' title="bbox 163 742 825 795; baseline 0.003 -15"><span class='ocrx_word' id='word_1_29' title='bbox 163 744 322 791; x_wconf 87' lang='lat' dir='ltr'>Semper</span> <span class='ocrx_word' id='word_1_30' title='bbox 338 742 371 795; x_wconf 84' lang='lat'>1)</span> <span class='ocrx_word' id='word_1_31' title='bbox 408 749 577 782; x_wconf 85' lang='lat' dir='ltr'>nostrum</span> <span class='ocrx_word' id='word_1_32' title='bbox 611 745 825 792; x_wconf 84' lang='lat' dir='ltr'>collegium.</span> 
     </span>
    </p>
   </div>
   <div class='ocr_carea' id='block_1_5' title="bbox 75 834 744 1052">
    <p class='ocr_par' dir='ltr' id='par_1_5' title="bbox 75 834 744 1052">
     <span class='ocr_line' id='line_1_11' title="bbox 75 834 655 882; baseline 0.005 -13"><span class='ocrx_word' id='word_1_33' title='bbox 75 834 115 875; x_wconf 82' lang='grc'>3,</span> <span class='ocrx_word' id='word_1_34' title='bbox 162 834 279 879; x_wconf 82' lang='lat' dir='ltr'>Quem</span> <span class='ocrx_word' id='word_1_35' title='bbox 310 834 382 871; x_wconf 89' lang='lat' dir='ltr'>Dei</span> <span class='ocrx_word' id='word_1_36' title='bbox 413 835 655 882; x_wconf 77' lang='lat' dir='ltr'>providentia</span> 
     </span>
     <span class='ocr_line' id='line_1_12' title="bbox 161 890 744 942; baseline 0.003 -15"><span class='ocrx_word' id='word_1_37' title='bbox 161 890 380 928; x_wconf 86' lang='lat' dir='ltr'>Monstrant</span> <span class='ocrx_word' id='word_1_38' title='bbox 410 892 489 928; x_wconf 85' lang='lat' dir='ltr'>nati</span> <span class='ocrx_word' id='word_1_39' title='bbox 520 892 744 942; x_wconf 87' lang='lat' dir='ltr'>primordia,</span> 
     </span>
     <span class='ocr_line' id='line_1_13' title="bbox 162 947 743 999; baseline 0.003 -15"><span class='ocrx_word' id='word_1_40' title='bbox 162 947 272 993; x_wconf 81' lang='lat' dir='ltr'>Quod</span> <span class='ocrx_word' id='word_1_41' title='bbox 303 952 503 995; x_wconf 88' lang='lat' dir='ltr'>sperneret</span> <span class='ocrx_word' id='word_1_42' title='bbox 533 948 743 999; x_wconf 80' lang='lat' dir='ltr'>terrestria,</span> 
     </span>
     <span class='ocr_line' id='line_1_14' title="bbox 162 1003 571 1052; baseline 0.007 -12"><span class='ocrx_word' id='word_1_43' title='bbox 162 1003 350 1052; x_wconf 85' lang='lat' dir='ltr'>Diligeret</span> <span class='ocrx_word' id='word_1_44' title='bbox 379 1005 571 1044; x_wconf 88' lang='lat' dir='ltr'>caelestia.</span> 
     </span>
    </p>
   </div>
   <div class='ocr_carea' id='block_1_6' title="bbox 73 1095 721 1314">
    <p class='ocr_par' dir='ltr' id='par_1_6' title="bbox 73 1095 721 1314">
     <span class='ocr_line' id='line_1_15' title="bbox 73 1095 718 1145; baseline 0 -11"><span class='ocrx_word' id='word_1_45' title='bbox 73 1097 114 1134; x_wconf 83' lang='lat'>4.</span> <span class='ocrx_word' id='word_1_46' title='bbox 163 1095 278 1134; x_wconf 88' lang='lat' dir='ltr'>Cuius</span> <span class='ocrx_word' id='word_1_47' title='bbox 309 1100 440 1133; x_wconf 85' lang='lat' dir='ltr'>saneta</span> <span class='ocrx_word' id='word_1_48' title='bbox 471 1100 558 1133; x_wconf 89' lang='lat' dir='ltr'>sunt</span> <span class='ocrx_word' id='word_1_49' title='bbox 589 1107 718 1145; x_wconf 89' lang='lat' dir='ltr'>opera,</span> 
     </span>
     <span class='ocr_line' id='line_1_16' title="bbox 161 1152 659 1201; baseline 0.004 -12"><span class='ocrx_word' id='word_1_50' title='bbox 161 1152 366 1190; x_wconf 86' lang='lat' dir='ltr'>Excellens</span> <span class='ocrx_word' id='word_1_51' title='bbox 397 1153 659 1201; x_wconf 88' lang='lat' dir='ltr'>sanctimonia,</span> 
     </span>
     <span class='ocr_line' id='line_1_17' title="bbox 161 1209 721 1258; baseline 0.002 -12"><span class='ocrx_word' id='word_1_52' title='bbox 161 1209 292 1258; x_wconf 85' lang='lat' dir='ltr'>Fides,</span> <span class='ocrx_word' id='word_1_53' title='bbox 324 1220 411 1257; x_wconf 92' lang='lat' dir='ltr'>spes</span> <span class='ocrx_word' id='word_1_54' title='bbox 442 1214 555 1257; x_wconf 90' lang='lat' dir='ltr'>atque</span> <span class='ocrx_word' id='word_1_55' title='bbox 582 1210 721 1248; x_wconf 85' lang='lat' dir='ltr'>caritas</span> 
     </span>
     <span class='ocr_line' id='line_1_18' title="bbox 158 1266 600 1314; baseline 0 -10"><span class='ocrx_word' id='word_1_56' title='bbox 158 1266 209 1304; x_wconf 91' lang='lat' dir='ltr'>Et</span> <span class='ocrx_word' id='word_1_57' title='bbox 240 1266 372 1313; x_wconf 89' lang='lat' dir='ltr'>ingens</span> <span class='ocrx_word' id='word_1_58' title='bbox 403 1267 600 1314; x_wconf 85' lang='lat' dir='ltr'>patientia.</span> 
     </span>
    </p>
   </div>
   <div class='ocr_carea' id='block_1_7' title="bbox 903 315 1531 533">
    <p class='ocr_par' dir='ltr' id='par_1_7' title="bbox 903 315 1531 533">
     <span class='ocr_line' id='line_1_19' title="bbox 903 315 1531 363; baseline 0.002 -10"><span class='ocrx_word' id='word_1_59' title='bbox 903 317 940 353; x_wconf 88' lang='lat'>5.</span> <span class='ocrx_word' id='word_1_60' title='bbox 986 315 1181 361; x_wconf 86' lang='lat' dir='ltr'>Aquarum</span> <span class='ocrx_word' id='word_1_61' title='bbox 1213 316 1325 353; x_wconf 80' lang='lat' dir='ltr'>Tarri</span> <span class='ocrx_word' id='word_1_62' title='bbox 1356 315 1531 363; x_wconf 86' lang='lat' dir='ltr'>pontifex</span> 
     </span>
     <span class='ocr_line' id='line_1_20' title="bbox 985 371 1520 411; baseline 0.006 -3"><span class='ocrx_word' id='word_1_63' title='bbox 985 371 1186 409; x_wconf 87' lang='lat' dir='ltr'>Tumorem</span> <span class='ocrx_word' id='word_1_64' title='bbox 1219 373 1327 410; x_wconf 86' lang='lat' dir='ltr'>sedat</span> <span class='ocrx_word' id='word_1_65' title='bbox 1357 372 1520 411; x_wconf 86' lang='lat' dir='ltr'>fluminis</span> 
     </span>
     <span class='ocr_line' id='line_1_21' title="bbox 987 428 1429 475; baseline 0.002 -10"><span class='ocrx_word' id='word_1_66' title='bbox 987 428 1079 465; x_wconf 88' lang='lat' dir='ltr'>Eius</span> <span class='ocrx_word' id='word_1_67' title='bbox 1110 430 1196 475; x_wconf 90' lang='lat' dir='ltr'>ripa</span> <span class='ocrx_word' id='word_1_68' title='bbox 1227 429 1429 467; x_wconf 85' lang='lat' dir='ltr'>conficiens</span> 
     </span>
     <span class='ocr_line' id='line_1_22' title="bbox 985 484 1498 533; baseline 0.01 -12"><span class='ocrx_word' id='word_1_69' title='bbox 985 484 1057 521; x_wconf 92' lang='lat' dir='ltr'>Dei</span> <span class='ocrx_word' id='word_1_70' title='bbox 1090 497 1226 533; x_wconf 82' lang='lat' dir='ltr'>corpus</span> <span class='ocrx_word' id='word_1_71' title='bbox 1256 490 1293 522; x_wconf 88' lang='lat' dir='ltr'>et</span> <span class='ocrx_word' id='word_1_72' title='bbox 1324 487 1498 528; x_wconf 81' lang='lat' dir='ltr'>hominis,</span> 
     </span>
    </p>
   </div>
   <div class='ocr_carea' id='block_1_8' title="bbox 900 576 1602 786">
    <p class='ocr_par' dir='ltr' id='par_1_8' title="bbox 900 576 1602 786">
     <span class='ocr_line' id='line_1_23' title="bbox 900 576 1602 615; baseline 0.001 -1"><span class='ocrx_word' id='word_1_73' title='bbox 900 577 936 615; x_wconf 91' lang='lat'>6.</span> <span class='ocrx_word' id='word_1_74' title='bbox 981 576 1092 613; x_wconf 89' lang='lat' dir='ltr'>Hunc</span> <span class='ocrx_word' id='word_1_75' title='bbox 1123 580 1294 614; x_wconf 90' lang='lat' dir='ltr'>sanctum</span> <span class='ocrx_word' id='word_1_76' title='bbox 1325 578 1363 614; x_wconf 90' lang='lat' dir='ltr'>in</span> <span class='ocrx_word' id='word_1_77' title='bbox 1397 578 1602 615; x_wconf 88' lang='lat' dir='ltr'>virtutibus</span> 
     </span>
     <span class='ocr_line' id='line_1_24' title="bbox 986 633 1484 681; baseline 0 -10"><span class='ocrx_word' id='word_1_78' title='bbox 986 633 1196 680; x_wconf 87' lang='lat' dir='ltr'>Sequamur</span> <span class='ocrx_word' id='word_1_79' title='bbox 1227 639 1261 670; x_wconf 86' lang='lat' dir='ltr'>et</span> <span class='ocrx_word' id='word_1_80' title='bbox 1293 634 1484 681; x_wconf 79' lang='lat' dir='ltr'>operibus,</span> 
     </span>
     <span class='ocr_line' id='line_1_25' title="bbox 986 689 1543 728; baseline 0.004 -2"><span class='ocrx_word' id='word_1_81' title='bbox 986 689 1220 727; x_wconf 83' lang='lat' dir='ltr'>Veneremur</span> <span class='ocrx_word' id='word_1_82' title='bbox 1251 701 1332 727; x_wconf 86' lang='lat' dir='ltr'>cum</span> <span class='ocrx_word' id='word_1_83' title='bbox 1366 691 1543 728; x_wconf 79' lang='lat' dir='ltr'>laudibus</span> 
     </span>
     <span class='ocr_line' id='line_1_26' title="bbox 985 746 1456 786; baseline 0.004 -3"><span class='ocrx_word' id='word_1_84' title='bbox 985 746 1035 783; x_wconf 89' lang='lat' dir='ltr'>Et</span> <span class='ocrx_word' id='word_1_85' title='bbox 1068 746 1206 783; x_wconf 88' lang='lat' dir='ltr'>debitis</span> <span class='ocrx_word' id='word_1_86' title='bbox 1237 747 1456 786; x_wconf 64' lang='lat' dir='ltr'>honoribus</span> 
     </span>
    </p>
   </div>
   <div class='ocr_carea' id='block_1_9' title="bbox 898 835 1553 1055">
    <p class='ocr_par' dir='ltr' id='par_1_9' title="bbox 898 835 1553 1055">
     <span class='ocr_line' id='line_1_27' title="bbox 898 835 1491 883; baseline 0 -9"><span class='ocrx_word' id='word_1_87' title='bbox 898 837 935 875; x_wconf 87' lang='lat'>7.</span> <span class='ocrx_word' id='word_1_88' title='bbox 981 835 1199 874; x_wconf 89' lang='lat' dir='ltr'>Odelricum</span> <span class='ocrx_word' id='word_1_89' title='bbox 1232 835 1491 883; x_wconf 87' lang='lat' dir='ltr'>frequentibus</span> 
     </span>
     <span class='ocr_line' id='line_1_28' title="bbox 981 892 1553 944; baseline 0.003 -15"><span class='ocrx_word' id='word_1_90' title='bbox 981 892 1170 941; x_wconf 87' lang='lat' dir='ltr'>Rogemus</span> <span class='ocrx_word' id='word_1_91' title='bbox 1203 903 1330 930; x_wconf 88' lang='lat' dir='ltr'>omnes</span> <span class='ocrx_word' id='word_1_92' title='bbox 1361 894 1553 944; x_wconf 83' lang='lat' dir='ltr'>precibus,</span> 
     </span>
     <span class='ocr_line' id='line_1_29' title="bbox 980 949 1402 997; baseline 0 -10"><span class='ocrx_word' id='word_1_93' title='bbox 980 949 1033 987; x_wconf 88' lang='lat' dir='ltr'>Ut</span> <span class='ocrx_word' id='word_1_94' title='bbox 1064 950 1102 986; x_wconf 90' lang='lat' dir='ltr'>in</span> <span class='ocrx_word' id='word_1_95' title='bbox 1133 949 1245 987; x_wconf 82' lang='lat' dir='ltr'>beata</span> <span class='ocrx_word' id='word_1_96' title='bbox 1275 951 1402 997; x_wconf 86' lang='lat' dir='ltr'>patria</span> 
     </span>
     <span class='ocr_line' id='line_1_30' title="bbox 981 1005 1526 1055; baseline 0.004 -12"><span class='ocrx_word' id='word_1_97' title='bbox 981 1005 1102 1043; x_wconf 91' lang='lat' dir='ltr'>Nobis</span> <span class='ocrx_word' id='word_1_98' title='bbox 1133 1011 1303 1053; x_wconf 88' lang='lat' dir='ltr'>praestet</span> <span class='ocrx_word' id='word_1_99' title='bbox 1335 1007 1526 1055; x_wconf 85' lang='lat' dir='ltr'>suffragia.</span> 
     </span>
    </p>
   </div>
   <div class='ocr_carea' id='block_1_10' title="bbox 897 1098 1566 1315">
    <p class='ocr_par' dir='ltr' id='par_1_10' title="bbox 897 1098 1566 1315">
     <span class='ocr_line' id='line_1_31' title="bbox 897 1098 1421 1146; baseline 0.002 -11"><span class='ocrx_word' id='word_1_100' title='bbox 897 1098 934 1136; x_wconf 81' lang='lat'>8.</span> <span class='ocrx_word' id='word_1_101' title='bbox 983 1098 1101 1137; x_wconf 88' lang='lat' dir='ltr'>Patri.</span> <span class='ocrx_word' id='word_1_102' title='bbox 1135 1103 1235 1142; x_wconf 87' lang='lat' dir='ltr'>nato,</span> <span class='ocrx_word' id='word_1_103' title='bbox 1270 1099 1421 1146; x_wconf 87' lang='lat' dir='ltr'>spiritui</span> 
     </span>
     <span class='ocr_line' id='line_1_32' title="bbox 984 1156 1419 1203; baseline 0.002 -10"><span class='ocrx_word' id='word_1_104' title='bbox 984 1156 1175 1193; x_wconf 88' lang='lat' dir='ltr'>Paraclito</span> <span class='ocrx_word' id='word_1_105' title='bbox 1205 1156 1252 1192; x_wconf 91' lang='lat' dir='ltr'>sit</span> <span class='ocrx_word' id='word_1_106' title='bbox 1285 1157 1419 1203; x_wconf 87' lang='lat' dir='ltr'>gloria.</span> 
     </span>
     <span class='ocr_line' id='line_1_33' title="bbox 982 1211 1527 1260; baseline 0.006 -13"><span class='ocrx_word' id='word_1_107' title='bbox 982 1211 1121 1248; x_wconf 90' lang='lat' dir='ltr'>Tribus</span> <span class='ocrx_word' id='word_1_108' title='bbox 1152 1213 1325 1259; x_wconf 85' lang='lat' dir='ltr'>personis</span> <span class='ocrx_word' id='word_1_109' title='bbox 1357 1213 1527 1260; x_wconf 89' lang='lat' dir='ltr'>singulis,</span> 
     </span>
     <span class='ocr_line' id='line_1_34' title="bbox 980 1269 1566 1315; baseline 0.012 -11"><span class='ocrx_word' id='word_1_110' title='bbox 980 1269 1082 1315; x_wconf 83' lang='lat' dir='ltr'>Quae</span> <span class='ocrx_word' id='word_1_111' title='bbox 1114 1275 1201 1307; x_wconf 82' lang='lat' dir='ltr'>sunt</span> <span class='ocrx_word' id='word_1_112' title='bbox 1232 1281 1305 1308; x_wconf 86' lang='lat' dir='ltr'>una</span> <span class='ocrx_word' id='word_1_113' title='bbox 1336 1269 1566 1311; x_wconf 84' lang='lat' dir='ltr'>substantia.</span> 
     </span>
    </p>
   </div>
   <div class='ocr_carea' id='block_1_11' title="bbox 510 1432 1191 1548">
    <p class='ocr_par' dir='ltr' id='par_1_11' title="bbox 510 1432 1191 1548">
     <span class='ocr_line' id='line_1_35' title="bbox 510 1432 1191 1477; baseline 0.007 -10"><span class='ocrx_word' id='word_1_114' title='bbox 510 1432 592 1469; x_wconf 79' lang='lat'><strong>402.</strong></span> <span class='ocrx_word' id='word_1_115' title='bbox 628 1434 688 1477; x_wconf 86' lang='lat'><strong>(4.)</strong></span> <span class='ocrx_word' id='word_1_116' title='bbox 726 1435 784 1469; x_wconf 91' lang='lat' dir='ltr'>De</span> <span class='ocrx_word' id='word_1_117' title='bbox 809 1435 952 1471; x_wconf 84' lang='lat' dir='ltr'>sancto</span> <span class='ocrx_word' id='word_1_118' title='bbox 980 1435 1191 1472; x_wconf 82' lang='lat' dir='ltr'>Udalrico.</span> 
     </span>
     <span class='ocr_line' id='line_1_36' title="bbox 751 1505 953 1548; baseline 0 -11"><span class='ocrx_word' id='word_1_119' title='bbox 751 1505 953 1548; x_wconf 79' lang='lat' dir='ltr'>Sequentia.</span> 
     </span>
    </p>
   </div>
   <div class='ocr_carea' id='block_1_12' title="bbox 73 1596 753 1761">
    <p class='ocr_par' dir='ltr' id='par_1_12' title="bbox 73 1596 753 1761">
     <span class='ocr_line' id='line_1_37' title="bbox 73 1596 659 1642; baseline -0.003 -7"><span class='ocrx_word' id='word_1_120' title='bbox 73 1596 94 1635; x_wconf 93' lang='lat'>1</span> <span class='ocrx_word' id='word_1_121' title='bbox 112 1607 146 1635; x_wconf 88' lang='lat' dir='ltr'>a.</span> <span class='ocrx_word' id='word_1_122' title='bbox 189 1596 367 1634; x_wconf 86' lang='lat' dir='ltr'>Odelrico</span> <span class='ocrx_word' id='word_1_123' title='bbox 398 1597 659 1642; x_wconf 82' lang='lat' dir='ltr'>collaetemur,</span> 
     </span>
     <span class='ocr_line' id='line_1_38' title="bbox 183 1651 688 1691; baseline 0 0"><span class='ocrx_word' id='word_1_124' title='bbox 183 1652 277 1691; x_wconf 89' lang='lat' dir='ltr'>Eius</span> <span class='ocrx_word' id='word_1_125' title='bbox 309 1651 406 1690; x_wconf 90' lang='lat' dir='ltr'>festo</span> <span class='ocrx_word' id='word_1_126' title='bbox 437 1653 688 1691; x_wconf 89' lang='lat' dir='ltr'>iucundemur</span> 
     </span>
     <span class='ocr_line' id='line_1_39' title="bbox 240 1710 753 1761; baseline 0.002 -14"><span class='ocrx_word' id='word_1_127' title='bbox 240 1710 356 1761; x_wconf 88' lang='lat' dir='ltr'>Lyra,</span> <span class='ocrx_word' id='word_1_128' title='bbox 391 1710 516 1759; x_wconf 84' lang='lat' dir='ltr'>viella,</span> <span class='ocrx_word' id='word_1_129' title='bbox 549 1715 753 1761; x_wconf 66' lang='lat' dir='ltr'>tympano,</span> 
     </span>
    </p>
   </div>
   <div class='ocr_carea' id='block_1_13' title="bbox 72 1800 720 1965">
    <p class='ocr_par' dir='ltr' id='par_1_13' title="bbox 72 1800 720 1965">
     <span class='ocr_line' id='line_1_40' title="bbox 72 1800 694 1840; baseline -0.003 0"><span class='ocrx_word' id='word_1_130' title='bbox 72 1802 144 1840; x_wconf 84' lang='lat' dir='ltr'>2a.</span> <span class='ocrx_word' id='word_1_131' title='bbox 187 1800 338 1838; x_wconf 85' lang='lat' dir='ltr'>Nobilis</span> <span class='ocrx_word' id='word_1_132' title='bbox 369 1800 432 1837; x_wconf 91' lang='lat' dir='ltr'>hic</span> <span class='ocrx_word' id='word_1_133' title='bbox 457 1801 694 1838; x_wconf 85' lang='lat' dir='ltr'>Alamannus</span> 
     </span>
     <span class='ocr_line' id='line_1_41' title="bbox 184 1857 698 1908; baseline 0.002 -14"><span class='ocrx_word' id='word_1_134' title='bbox 184 1857 285 1907; x_wconf 84' lang='lat' dir='ltr'>Fuit,</span> <span class='ocrx_word' id='word_1_135' title='bbox 321 1858 413 1895; x_wconf 84' lang='lat' dir='ltr'>civis</span> <span class='ocrx_word' id='word_1_136' title='bbox 443 1859 698 1908; x_wconf 84' lang='lat' dir='ltr'>Augustanus,</span> 
     </span>
     <span class='ocr_line' id='line_1_42' title="bbox 243 1914 720 1965; baseline 0.002 -13"><span class='ocrx_word' id='word_1_137' title='bbox 243 1914 355 1952; x_wconf 90' lang='lat' dir='ltr'>Clara</span> <span class='ocrx_word' id='word_1_138' title='bbox 385 1918 496 1952; x_wconf 85' lang='lat' dir='ltr'>natus</span> <span class='ocrx_word' id='word_1_139' title='bbox 527 1915 720 1965; x_wconf 85' lang='lat' dir='ltr'>prosapia,</span> 
     </span>
    </p>
   </div>
   <div class='ocr_carea' id='block_1_14' title="bbox 74 2005 773 2167">
    <p class='ocr_par' dir='ltr' id='par_1_14' title="bbox 74 2005 773 2167">
     <span class='ocr_line' id='line_1_43' title="bbox 74 2005 773 2054; baseline 0 -10"><span class='ocrx_word' id='word_1_140' title='bbox 74 2007 147 2044; x_wconf 85' lang='lat' dir='ltr'>3a.</span> <span class='ocrx_word' id='word_1_141' title='bbox 192 2005 404 2043; x_wconf 87' lang='lat' dir='ltr'>Sublimant</span> <span class='ocrx_word' id='word_1_142' title='bbox 433 2006 546 2043; x_wconf 91' lang='lat' dir='ltr'>istum</span> <span class='ocrx_word' id='word_1_143' title='bbox 579 2006 773 2054; x_wconf 83' lang='lat' dir='ltr'>sanctitas,</span> 
     </span>
     <span class='ocr_line' id='line_1_44' title="bbox 185 2062 623 2110; baseline 0.002 -12"><span class='ocrx_word' id='word_1_144' title='bbox 185 2062 427 2109; x_wconf 87' lang='lat' dir='ltr'>Episcopalis</span> <span class='ocrx_word' id='word_1_145' title='bbox 460 2062 623 2110; x_wconf 82' lang='lat' dir='ltr'>dignitas</span> 
     </span>
     <span class='ocr_line' id='line_1_45' title="bbox 240 2119 714 2167; baseline 0.004 -11"><span class='ocrx_word' id='word_1_146' title='bbox 240 2119 284 2156; x_wconf 89' lang='lat' dir='ltr'>In</span> <span class='ocrx_word' id='word_1_147' title='bbox 315 2120 546 2166; x_wconf 88' lang='lat' dir='ltr'>Augustensi</span> <span class='ocrx_word' id='word_1_148' title='bbox 577 2120 714 2167; x_wconf 86' lang='lat' dir='ltr'>patria,</span> 
     </span>
    </p>
   </div>
   <div class='ocr_carea' id='block_1_15' title="bbox 70 2209 756 2373">
    <p class='ocr_par' dir='ltr' id='par_1_15' title="bbox 70 2209 756 2373">
     <span class='ocr_line' id='line_1_46' title="bbox 70 2209 665 2258; baseline 0 -10"><span class='ocrx_word' id='word_1_149' title='bbox 70 2211 148 2249; x_wconf 86' lang='lat' dir='ltr'>4a.</span> <span class='ocrx_word' id='word_1_150' title='bbox 189 2211 358 2248; x_wconf 88' lang='lat' dir='ltr'>Fervens</span> <span class='ocrx_word' id='word_1_151' title='bbox 389 2209 461 2250; x_wconf 90' lang='lat' dir='ltr'>fuit</span> <span class='ocrx_word' id='word_1_152' title='bbox 493 2211 665 2258; x_wconf 83' lang='lat' dir='ltr'>caritate,</span> 
     </span>
     <span class='ocr_line' id='line_1_47' title="bbox 187 2266 625 2315; baseline 0.005 -12"><span class='ocrx_word' id='word_1_153' title='bbox 187 2266 369 2304; x_wconf 87' lang='lat' dir='ltr'>Perennis</span> <span class='ocrx_word' id='word_1_154' title='bbox 399 2267 625 2315; x_wconf 87' lang='lat' dir='ltr'>humilitate,</span> 
     </span>
     <span class='ocr_line' id='line_1_48' title="bbox 241 2323 756 2373; baseline 0.004 -13"><span class='ocrx_word' id='word_1_155' title='bbox 241 2323 353 2361; x_wconf 90' lang='lat' dir='ltr'>Miris</span> <span class='ocrx_word' id='word_1_156' title='bbox 384 2324 532 2371; x_wconf 89' lang='lat' dir='ltr'>pollens</span> <span class='ocrx_word' id='word_1_157' title='bbox 563 2325 756 2373; x_wconf 87' lang='lat' dir='ltr'>operibus,</span> 
     </span>
    </p>
   </div>
   <div class='ocr_carea' id='block_1_16' title="bbox 76 2414 722 2579">
    <p class='ocr_par' dir='ltr' id='par_1_16' title="bbox 76 2414 722 2579">
     <span class='ocr_line' id='line_1_49' title="bbox 76 2414 722 2463; baseline 0 -10"><span class='ocrx_word' id='word_1_158' title='bbox 76 2415 147 2453; x_wconf 74' lang='lat'>52.</span> <span class='ocrx_word' id='word_1_159' title='bbox 188 2414 307 2453; x_wconf 86' lang='lat' dir='ltr'>Trina</span> <span class='ocrx_word' id='word_1_160' title='bbox 337 2414 441 2461; x_wconf 87' lang='lat' dir='ltr'>pavit</span> <span class='ocrx_word' id='word_1_161' title='bbox 473 2415 535 2452; x_wconf 88' lang='lat' dir='ltr'>hic</span> <span class='ocrx_word' id='word_1_162' title='bbox 565 2420 722 2463; x_wconf 87' lang='lat' dir='ltr'>pastura</span> 
     </span>
     <span class='ocr_line' id='line_1_50' title="bbox 188 2471 671 2518; baseline 0.004 -11"><span class='ocrx_word' id='word_1_163' title='bbox 188 2471 371 2517; x_wconf 87' lang='lat' dir='ltr'>Diligenti</span> <span class='ocrx_word' id='word_1_164' title='bbox 398 2471 548 2518; x_wconf 90' lang='lat' dir='ltr'>plebem</span> <span class='ocrx_word' id='word_1_165' title='bbox 582 2482 671 2509; x_wconf 87' lang='lat' dir='ltr'>cura</span> 
     </span>
     <span class='ocr_line' id='line_1_51' title="bbox 243 2527 719 2579; baseline 0.002 -15"><span class='ocrx_word' id='word_1_166' title='bbox 243 2527 391 2565; x_wconf 87' lang='lat' dir='ltr'>Fidelis</span> <span class='ocrx_word' id='word_1_167' title='bbox 421 2532 554 2575; x_wconf 88' lang='lat' dir='ltr'>pastor</span> <span class='ocrx_word' id='word_1_168' title='bbox 583 2529 719 2579; x_wconf 91' lang='lat' dir='ltr'>ovium,</span> 
     </span>
    </p>
   </div>
   <div class='ocr_carea' id='block_1_17' title="bbox 75 2617 740 2783">
    <p class='ocr_par' dir='ltr' id='par_1_17' title="bbox 75 2617 740 2783">
     <span class='ocr_line' id='line_1_52' title="bbox 75 2617 616 2663; baseline -0.004 -6"><span class='ocrx_word' id='word_1_169' title='bbox 75 2618 146 2657; x_wconf 85' lang='lat' dir='ltr'>6a.</span> <span class='ocrx_word' id='word_1_170' title='bbox 187 2617 386 2655; x_wconf 86' lang='lat' dir='ltr'>Miraculis</span> <span class='ocrx_word' id='word_1_171' title='bbox 418 2618 616 2663; x_wconf 91' lang='lat' dir='ltr'>mirabilis,</span> 
     </span>
     <span class='ocr_line' id='line_1_53' title="bbox 187 2673 740 2724; baseline 0.005 -13"><span class='ocrx_word' id='word_1_172' title='bbox 187 2673 285 2711; x_wconf 89' lang='lat' dir='ltr'>Fide</span> <span class='ocrx_word' id='word_1_173' title='bbox 317 2674 459 2724; x_wconf 88' lang='lat' dir='ltr'>firmus,</span> <span class='ocrx_word' id='word_1_174' title='bbox 492 2686 560 2722; x_wconf 91' lang='lat' dir='ltr'>spe</span> <span class='ocrx_word' id='word_1_175' title='bbox 590 2676 740 2714; x_wconf 88' lang='lat' dir='ltr'>stabilis</span> 
     </span>
     <span class='ocr_line' id='line_1_54' title="bbox 245 2730 668 2783; baseline 0.005 -15"><span class='ocrx_word' id='word_1_176' title='bbox 245 2731 300 2768; x_wconf 89' lang='lat' dir='ltr'>Et</span> <span class='ocrx_word' id='word_1_177' title='bbox 330 2730 440 2769; x_wconf 86' lang='lat' dir='ltr'>fortis</span> <span class='ocrx_word' id='word_1_178' title='bbox 471 2732 668 2783; x_wconf 87' lang='lat' dir='ltr'>patientia,</span> 
     </span>
    </p>
   </div>
   <div class='ocr_carea' id='block_1_18' title="bbox 74 2810 349 2813">
    <p class='ocr_par' dir='ltr' id='par_1_18' title="bbox 74 2810 349 2813">
     <span class='ocr_line' id='line_1_55' title="bbox 74 2810 349 2813; baseline 0 0"><span class='ocrx_word' id='word_1_179' title='bbox 74 2810 349 2813; x_wconf 95' lang='lat' dir='ltr'> </span> 
     </span>
    </p>
   </div>
   <div class='ocr_carea' id='block_1_19' title="bbox 191 2842 453 2886">
    <p class='ocr_par' dir='ltr' id='par_1_19' title="bbox 191 2842 453 2886">
     <span class='ocr_line' id='line_1_56' title="bbox 191 2842 453 2886; baseline -0.004 -10"><span class='ocrx_word' id='word_1_180' title='bbox 191 2842 217 2885; x_wconf 89' lang='lat'>¹)</span> <span class='ocrx_word' id='word_1_181' title='bbox 253 2845 365 2886; x_wconf 85' lang='lat' dir='ltr'>Super</span> <span class='ocrx_word' id='word_1_182' title='bbox 390 2844 453 2876; x_wconf 89' lang='lat' dir='ltr'>Hs.</span> 
     </span>
    </p>
   </div>
   <div class='ocr_carea' id='block_1_20' title="bbox 896 1598 1621 1763">
    <p class='ocr_par' dir='ltr' id='par_1_20' title="bbox 896 1598 1621 1763">
     <span class='ocr_line' id='line_1_57' title="bbox 896 1598 1621 1652; baseline 0.006 -16"><span class='ocrx_word' id='word_1_183' title='bbox 896 1599 915 1636; x_wconf 88' lang='lat'>1</span> <span class='ocrx_word' id='word_1_184' title='bbox 936 1598 972 1637; x_wconf 90' lang='lat' dir='ltr'>b.</span> <span class='ocrx_word' id='word_1_185' title='bbox 1008 1599 1148 1637; x_wconf 84' lang='lat' dir='ltr'>Sancta</span> <span class='ocrx_word' id='word_1_186' title='bbox 1179 1600 1257 1637; x_wconf 80' lang='lat' dir='ltr'>vita</span> <span class='ocrx_word' id='word_1_187' title='bbox 1289 1600 1387 1638; x_wconf 87' lang='lat' dir='ltr'>hunc</span> <span class='ocrx_word' id='word_1_188' title='bbox 1419 1605 1621 1652; x_wconf 88' lang='lat' dir='ltr'>sectemur,</span> 
     </span>
     <span class='ocr_line' id='line_1_58' title="bbox 1009 1656 1610 1696; baseline 0.007 -4"><span class='ocrx_word' id='word_1_189' title='bbox 1009 1656 1121 1693; x_wconf 87' lang='lat' dir='ltr'>Hunc</span> <span class='ocrx_word' id='word_1_190' title='bbox 1152 1657 1352 1694; x_wconf 86' lang='lat' dir='ltr'>laudantes</span> <span class='ocrx_word' id='word_1_191' title='bbox 1386 1668 1610 1696; x_wconf 82' lang='lat' dir='ltr'>veneremur</span> 
     </span>
     <span class='ocr_line' id='line_1_59' title="bbox 1065 1714 1582 1763; baseline 0.008 -13"><span class='ocrx_word' id='word_1_192' title='bbox 1065 1714 1108 1750; x_wconf 89' lang='lat' dir='ltr'>In</span> <span class='ocrx_word' id='word_1_193' title='bbox 1141 1714 1326 1760; x_wconf 68' lang='lat' dir='ltr'>cymbalis</span> <span class='ocrx_word' id='word_1_194' title='bbox 1359 1719 1395 1751; x_wconf 91' lang='lat' dir='ltr'>et</span> <span class='ocrx_word' id='word_1_195' title='bbox 1427 1726 1582 1763; x_wconf 66' lang='lat' dir='ltr'>organi).</span> 
     </span>
    </p>
   </div>
   <div class='ocr_carea' id='block_1_21' title="bbox 892 1802 1599 1857">
    <p class='ocr_par' dir='ltr' id='par_1_21' title="bbox 892 1802 1599 1857">
     <span class='ocr_line' id='line_1_60' title="bbox 892 1802 1599 1857; baseline 0.004 -16"><span class='ocrx_word' id='word_1_196' title='bbox 892 1804 914 1841; x_wconf 83' lang='lat'><strong>2</strong></span> <span class='ocrx_word' id='word_1_197' title='bbox 936 1802 973 1842; x_wconf 91' lang='lat' dir='ltr'>b.</span> <span class='ocrx_word' id='word_1_198' title='bbox 1007 1805 1166 1842; x_wconf 87' lang='lat' dir='ltr'>Praesul</span> <span class='ocrx_word' id='word_1_199' title='bbox 1198 1805 1317 1842; x_wconf 90' lang='lat' dir='ltr'>iustus</span> <span class='ocrx_word' id='word_1_200' title='bbox 1350 1810 1386 1842; x_wconf 88' lang='lat' dir='ltr'>et</span> <span class='ocrx_word' id='word_1_201' title='bbox 1418 1805 1599 1857; x_wconf 88' lang='lat' dir='ltr'>urbanus,</span> 
     </span>
    </p>
   </div>
   <div class='ocr_carea' id='block_1_22' title="bbox 1009 1860 1544 1958">
    <p class='ocr_par' dir='ltr' id='par_1_22' title="bbox 1009 1860 1544 1958">
     <span class='ocr_line' id='line_1_61' title="bbox 1009 1860 1544 1911; baseline 0.002 -12"><span class='ocrx_word' id='word_1_202' title='bbox 1009 1861 1125 1899; x_wconf 89' lang='lat' dir='ltr'>Cuius</span> <span class='ocrx_word' id='word_1_203' title='bbox 1156 1860 1229 1898; x_wconf 81' lang='lat' dir='ltr'>fuit</span> <span class='ocrx_word' id='word_1_204' title='bbox 1259 1862 1367 1909; x_wconf 89' lang='lat' dir='ltr'>larga</span> <span class='ocrx_word' id='word_1_205' title='bbox 1398 1874 1544 1911; x_wconf 89' lang='lat' dir='ltr'>manus,</span> 
     </span>
     <span class='ocr_line' id='line_1_62' title="bbox 1062 1918 1456 1958; baseline 0.008 -4"><span class='ocrx_word' id='word_1_206' title='bbox 1062 1918 1151 1955; x_wconf 91' lang='lat' dir='ltr'>Pius</span> <span class='ocrx_word' id='word_1_207' title='bbox 1180 1918 1456 1958; x_wconf 84' lang='lat' dir='ltr'>misericordia.</span> 
     </span>
    </p>
   </div>
   <div class='ocr_carea' id='block_1_23' title="bbox 895 2007 1621 2170">
    <p class='ocr_par' dir='ltr' id='par_1_23' title="bbox 895 2007 1621 2170">
     <span class='ocr_line' id='line_1_63' title="bbox 895 2007 1515 2048; baseline 0.003 -2"><span class='ocrx_word' id='word_1_208' title='bbox 895 2010 918 2046; x_wconf 82' lang='lat'><strong>3</strong></span> <span class='ocrx_word' id='word_1_209' title='bbox 938 2007 974 2047; x_wconf 88' lang='lat' dir='ltr'>b.</span> <span class='ocrx_word' id='word_1_210' title='bbox 1008 2009 1128 2047; x_wconf 83' lang='lat' dir='ltr'>Ornat</span> <span class='ocrx_word' id='word_1_211' title='bbox 1158 2020 1305 2046; x_wconf 87' lang='lat' dir='ltr'>morum</span> <span class='ocrx_word' id='word_1_212' title='bbox 1335 2010 1515 2048; x_wconf 89' lang='lat' dir='ltr'>nobilitas</span> 
     </span>
     <span class='ocr_line' id='line_1_64' title="bbox 1008 2065 1621 2112; baseline 0.005 -10"><span class='ocrx_word' id='word_1_213' title='bbox 1008 2065 1269 2112; x_wconf 84' lang='lat' dir='ltr'>Mundumque</span> <span class='ocrx_word' id='word_1_214' title='bbox 1301 2067 1432 2104; x_wconf 89' lang='lat' dir='ltr'>reddit</span> <span class='ocrx_word' id='word_1_215' title='bbox 1465 2068 1621 2106; x_wconf 88' lang='lat' dir='ltr'>castitas</span> 
     </span>
     <span class='ocr_line' id='line_1_65' title="bbox 1063 2122 1609 2170; baseline 0.007 -12"><span class='ocrx_word' id='word_1_216' title='bbox 1063 2122 1216 2170; x_wconf 85' lang='lat' dir='ltr'>Mentis,</span> <span class='ocrx_word' id='word_1_217' title='bbox 1250 2123 1376 2160; x_wconf 89' lang='lat' dir='ltr'>carnis</span> <span class='ocrx_word' id='word_1_218' title='bbox 1409 2124 1609 2163; x_wconf 87' lang='lat' dir='ltr'>munditia.</span> 
     </span>
    </p>
   </div>
   <div class='ocr_carea' id='block_1_24' title="bbox 894 2211 1455 2262">
    <p class='ocr_par' dir='ltr' id='par_1_24' title="bbox 894 2211 1455 2262">
     <span class='ocr_line' id='line_1_66' title="bbox 894 2211 1455 2262; baseline 0 -12"><span class='ocrx_word' id='word_1_219' title='bbox 894 2212 973 2253; x_wconf 81' lang='lat' dir='ltr'>4b.</span> <span class='ocrx_word' id='word_1_220' title='bbox 1005 2211 1179 2249; x_wconf 87' lang='lat' dir='ltr'>Affluens</span> <span class='ocrx_word' id='word_1_221' title='bbox 1210 2213 1455 2262; x_wconf 88' lang='lat' dir='ltr'>benignitate,</span> 
     </span>
    </p>
   </div>
   <div class='ocr_carea' id='block_1_25' title="bbox 1008 2269 1575 2375">
    <p class='ocr_par' dir='ltr' id='par_1_25' title="bbox 1008 2269 1575 2375">
     <span class='ocr_line' id='line_1_67' title="bbox 1008 2269 1407 2317; baseline 0.005 -12"><span class='ocrx_word' id='word_1_222' title='bbox 1008 2269 1198 2306; x_wconf 86' lang='lat' dir='ltr'>Liberalis</span> <span class='ocrx_word' id='word_1_223' title='bbox 1230 2270 1407 2317; x_wconf 87' lang='lat' dir='ltr'>largitate</span> 
     </span>
     <span class='ocr_line' id='line_1_68' title="bbox 1065 2325 1575 2375; baseline 0.01 -13"><span class='ocrx_word' id='word_1_224' title='bbox 1065 2325 1298 2364; x_wconf 87' lang='lat' dir='ltr'>Subveniens</span> <span class='ocrx_word' id='word_1_225' title='bbox 1329 2328 1575 2375; x_wconf 84' lang='lat' dir='ltr'>pauperibus,</span> 
     </span>
    </p>
   </div>
   <div class='ocr_carea' id='block_1_26' title="bbox 894 2415 1516 2468">
    <p class='ocr_par' dir='ltr' id='par_1_26' title="bbox 894 2415 1516 2468">
     <span class='ocr_line' id='line_1_69' title="bbox 894 2415 1516 2468; baseline 0.01 -17"><span class='ocrx_word' id='word_1_226' title='bbox 894 2420 916 2456; x_wconf 86' lang='lat'>5</span> <span class='ocrx_word' id='word_1_227' title='bbox 936 2415 974 2455; x_wconf 87' lang='lat' dir='ltr'>b.</span> <span class='ocrx_word' id='word_1_228' title='bbox 1009 2417 1148 2467; x_wconf 86' lang='lat' dir='ltr'>Verbo,</span> <span class='ocrx_word' id='word_1_229' title='bbox 1181 2418 1277 2466; x_wconf 88' lang='lat' dir='ltr'>cibo,</span> <span class='ocrx_word' id='word_1_230' title='bbox 1311 2419 1389 2456; x_wconf 90' lang='lat' dir='ltr'>vita</span> <span class='ocrx_word' id='word_1_231' title='bbox 1420 2430 1516 2468; x_wconf 86' lang='lat' dir='ltr'>pura</span> 
     </span>
    </p>
   </div>
   <div class='ocr_carea' id='block_1_27' title="bbox 1007 2474 1545 2580">
    <p class='ocr_par' dir='ltr' id='par_1_27' title="bbox 1007 2474 1545 2580">
     <span class='ocr_line' id='line_1_70' title="bbox 1007 2474 1545 2527; baseline 0.002 -14"><span class='ocrx_word' id='word_1_232' title='bbox 1007 2474 1123 2521; x_wconf 86' lang='lat' dir='ltr'>Gregi</span> <span class='ocrx_word' id='word_1_233' title='bbox 1155 2485 1221 2512; x_wconf 86' lang='lat' dir='ltr'>sua</span> <span class='ocrx_word' id='word_1_234' title='bbox 1253 2475 1418 2513; x_wconf 87' lang='lat' dir='ltr'>reddens</span> <span class='ocrx_word' id='word_1_235' title='bbox 1448 2476 1545 2527; x_wconf 82' lang='lat' dir='ltr'>iura,</span> 
     </span>
     <span class='ocr_line' id='line_1_71' title="bbox 1063 2531 1538 2580; baseline 0.004 -11"><span class='ocrx_word' id='word_1_236' title='bbox 1063 2531 1115 2569; x_wconf 86' lang='lat' dir='ltr'>Ut</span> <span class='ocrx_word' id='word_1_237' title='bbox 1148 2532 1258 2568; x_wconf 86' lang='lat' dir='ltr'>docet</span> <span class='ocrx_word' id='word_1_238' title='bbox 1289 2533 1538 2580; x_wconf 87' lang='lat' dir='ltr'>evangelium.</span> 
     </span>
    </p>
   </div>
   <div class='ocr_carea' id='block_1_28' title="bbox 895 2620 1408 2672">
    <p class='ocr_par' dir='ltr' id='par_1_28' title="bbox 895 2620 1408 2672">
     <span class='ocr_line' id='line_1_72' title="bbox 895 2620 1408 2672; baseline 0.004 -13"><span class='ocrx_word' id='word_1_239' title='bbox 895 2622 917 2659; x_wconf 88' lang='grc'>6</span> <span class='ocrx_word' id='word_1_240' title='bbox 937 2621 973 2660; x_wconf 90' lang='lat' dir='ltr'>b.</span> <span class='ocrx_word' id='word_1_241' title='bbox 1006 2621 1087 2658; x_wconf 92' lang='lat' dir='ltr'>Deo</span> <span class='ocrx_word' id='word_1_242' title='bbox 1120 2620 1192 2659; x_wconf 88' lang='lat' dir='ltr'>fuit</span> <span class='ocrx_word' id='word_1_243' title='bbox 1222 2623 1408 2672; x_wconf 86' lang='lat' dir='ltr'>amabilis,</span> 
     </span>
    </p>
   </div>
   <div class='ocr_carea' id='block_1_29' title="bbox 1009 2678 1625 2786">
    <p class='ocr_par' dir='ltr' id='par_1_29' title="bbox 1009 2678 1625 2786">
     <span class='ocr_line' id='line_1_73' title="bbox 1009 2678 1443 2729; baseline 0.009 -15"><span class='ocrx_word' id='word_1_244' title='bbox 1009 2678 1236 2716; x_wconf 89' lang='lat' dir='ltr'>Hominibus</span> <span class='ocrx_word' id='word_1_245' title='bbox 1267 2680 1443 2729; x_wconf 86' lang='lat' dir='ltr'>affabilis,</span> 
     </span>
     <span class='ocr_line' id='line_1_74' title="bbox 1065 2736 1625 2786; baseline 0.002 -12"><span class='ocrx_word' id='word_1_246' title='bbox 1065 2736 1372 2783; x_wconf 81' lang='lat' dir='ltr'>circumspectus</span> <span class='ocrx_word' id='word_1_247' title='bbox 1405 2737 1625 2786; x_wconf 85' lang='lat' dir='ltr'>prudentia.</span> 
     </span>
    </p>
   </div>
  </div>
 </body>
</html>
