1785 3111
802 107 884 147 413

56 218 100 252 72
124 221 184 252 Nr.
212 220 422 259 XXXVIII3
449 220 537 252 doch
564 221 611 251 ist
635 231 678 251 zu
702 220 902 259 bemerken,
929 221 1004 252 dass
1029 221 1085 252 die
1102 220 1318 252 Miinchener
1335 222 1399 252 Hs.
1425 217 1512 252 8304
1539 220 1638 252 nieht

57 265 244 298 Hildebert
277 267 329 298 als
354 266 538 298 Verfasser
561 269 687 303 nennt,
722 266 871 297 sondern
901 277 1050 307 anonym
1078 268 1133 303 ist,
1160 266 1250 298 auch
1275 266 1373 298 nicht
1397 266 1459 297 das
1484 265 1634 298 Gedicht

60 311 275 350 Hildeberts,
303 311 454 343 sondern
481 313 558 343 eine
583 311 822 353 weitgehende
841 313 1079 353 Bearbeitung
1104 312 1287 344 desselben
1308 313 1424 343 bietet.
1466 311 1633 343 Dieselbe

57 358 159 398 zeigt‚
184 366 256 388 was
283 358 340 388 ein
365 356 536 398 lyrischer
553 356 697 388 Dichter
723 367 764 388 zu
789 358 1003 399 gewiirtigen
1027 357 1098 396 hat,
1124 368 1224 389 wenn
1243 368 1280 389 er
1298 359 1409 389 einem
1428 357 1633 398 Theologen

57 403 94 434 in
120 402 176 434 die
202 402 329 434 Hande
353 402 442 440 fallt,
468 402 539 433 und
566 402 631 434 wie
657 402 737 434 sehr
762 402 836 433 sich
865 403 923 434 ein
948 403 1096 435 Gedicht
1120 403 1227 435 durch
1254 403 1366 435 blosse
1391 404 1548 443 Zusatze,
1575 402 1631 434 die

57 447 155 479 nicht
181 448 309 479 einmal
336 447 512 479 schlechte
539 449 614 479 sein
639 449 797 485 mussen,
831 448 1023 481 verderben
1047 448 1141 480 lasst.
1191 450 1298 480 Diese
1323 449 1561 490 Bearbeitung
1585 449 1633 479 ist

56 494 104 525 im
130 493 318 534 folgenden
343 496 445 524 unter
470 491 530 525 Nr.
559 491 609 524 lb
635 493 837 535 mitgeteilt:

297 650 328 691 (1
342 652 375 692 b)
413 649 627 686 Confessio
655 650 751 685 fidei
777 651 1008 686 catholicae
1035 651 1081 685 ‹le
1108 661 1141 686 s.
1170 650 1386 687 Trinitate.

695 722 722 753 I.
760 722 821 753 De
847 723 994 753 Patre.

151 811 301 850 Adonai,
329 821 453 853 magne
478 811 585 849 Deus,

150 857 244 895 Heli7
270 857 342 889 heli
368 857 463 888 Deus
491 867 600 895 meus,

149 903 258 935 Cuius
284 903 396 933 virtus
422 905 532 933 totum
559 912 671 943 posse,

150 948 258 980 Cuius
287 957 409 979 sensus
436 950 545 978 totum
573 957 686 985 nosse,

104 991 124 1024 5
150 994 258 1025 Cuius
286 1003 362 1025 esse
388 1003 559 1024 summum
584 993 726 1032 bonum,

150 1038 257 1070 Cuius
284 1048 371 1080 opus
397 1048 498 1070 omne
523 1039 664 1070 bonum.

150 1084 261 1125 Super
287 1087 420 1117 cuncta,
449 1084 568 1115 subter
592 1087 728 1123 cuncta,

150 1129 262 1161 Extra
287 1132 424 1167 cuncta,
450 1131 542 1161 intra
569 1132 704 1167 cuncta,

151 1176 249 1206 Intra
276 1178 402 1206 cuncta
425 1185 490 1206 nec
515 1175 685 1214 inclusus,

84 1218 126 1253 10
150 1221 262 1252 Extra
287 1223 415 1252 cuneta
439 1230 503 1251 nec
528 1222 701 1259 exclusus,

150 1265 277 1298 Subter
301 1269 426 1297 cuneta
454 1276 517 1297 nec
543 1267 752 1305 substratus,

149 1311 261 1353 Super
286 1315 412 1343 cuncta
436 1322 500 1343 nec
525 1311 648 1349 elatus,

148 1358 261 1398 Super
286 1359 397 1388 totum
424 1357 667 1397 praesidendo,

148 1404 275 1435 Subter
300 1405 411 1434 totum
441 1403 657 1442 sustinendo,

80 1446 120 1480 15
146 1448 259 1479 Extra
283 1450 396 1480 totum
423 1449 696 1489 complectendo⁷

143 1495 241 1525 Intra
267 1496 378 1525 totum
405 1504 441 1525 es
466 1494 654 1535 implendo.

144 1540 243 1571 Intra
266 1549 441 1580 nusquam
467 1541 648 1577 coartaris,

144 1585 256 1616 Extra
281 1595 455 1626 nusquam
481 1585 653 1624 dilataris,

146 1630 273 1663 Subter
298 1630 395 1661 nullo
422 1631 592 1672 fatigariS‚

76 1673 121 1708 20
147 1676 260 1717 Super
285 1675 382 1707 nullo
409 1678 630 1713 sustentaris,

145 1721 316 1753 Mundum
343 1731 487 1753 movens
513 1731 584 1753 non
609 1723 770 1760 moveris,

147 1768 280 1799 Locum
306 1770 429 1798 tenens
455 1778 525 1798 non
551 1768 692 1806 teneris,

147 1813 299 1854 Tempus
325 1816 464 1844 mutans
490 1823 561 1844 non
587 1813 744 1852 mutaris,

43 1894 48 1900 ι
146 1858 247 1900 Vaga
275 1857 416 1889 firmans
443 1869 513 1890 non
536 1860 689 1900 vagaris,

78 1900 121 1935 25
145 1904 210 1935 Vis
236 1906 380 1935 externa
404 1904 458 1935 vel
486 1914 628 1935 necesse

972 811 1051 842 Non
1077 811 1253 843 alternant
1278 815 1375 843 tuum
1405 822 1491 843 esse.

973 857 1058 888 Heri
1085 860 1252 896 nostrum,
1279 867 1356 888 cras
1382 861 1416 889 et
1441 857 1574 898 pridem

973 902 1118 944 Semper
1144 903 1209 934 tibi
1234 913 1325 934 nune
1351 907 1385 935 et
1410 903 1511 934 idem.

972 948 1094 987 Tuum,
1124 950 1229 987 Deus,
1256 948 1462 980 hodiernum

903 991 948 1025 30
974 993 1181 1032 ]ndivisum,
1207 994 1475 1035 sempiter1uun3

971 1040 1013 1070 In
1037 1038 1102 1071 hoc
1128 1043 1238 1071 totum
1265 1040 1480 1081 praevidisti,

971 1085 1097 1116 Totum
1126 1086 1230 1116 simul
1256 1086 1432 1126 perfecisti

970 1130 1023 1161 Ad
1049 1131 1226 1173 exemplar
1251 1132 1336 1162 artis
1362 1141 1470 1172 purae

972 1177 1132 1208 Formam
1158 1180 1339 1218 praestans
1365 1181 1557 1209 creaturae.

903 1218 946 1254 35
973 1223 1070 1253 Haec
1095 1232 1150 1253 ars
1178 1222 1304 1260 lumen,
1330 1224 1453 1261 virtus,
1479 1224 1555 1255 vita¹

971 1268 1012 1298 In
1037 1268 1181 1299 facturis
1206 1269 1304 1310 viget
1328 1269 1387 1306 ita,

971 1314 1019 1345 Ut
1044 1313 1104 1344 lux
1129 1314 1218 1345 lucis
1244 1315 1444 1345 inaccessae

971 1359 1114 1390 Cunctis
1140 1360 1243 1391 rebus
1270 1363 1422 1401 praestet
1447 1370 1523 1391 esse

968 1404 1017 1436 Et
1041 1404 1101 1436 lux
1126 1405 1245 1436 lucens
1271 1406 1307 1436 in
1332 1405 1490 1437 obscuris

900 1446 945 1481 40
969 1450 1132 1481 Formam
1157 1450 1263 1481 donet
1286 1453 1467 1483 creaturis.

969 1496 1104 1527 Lumen
1129 1506 1250 1527 verum
1279 1496 1371 1528 lucet
1395 1497 1526 1528 clarum

969 1542 1008 1572 In
1036 1541 1183 1573 obscuro
1209 1543 1448 1582 tenebrarum3

968 1587 1098 1618 Lucem
1125 1588 1287 1619 tenebrae
1314 1588 1542 1629 perpendunt,

972 1632 1039 1664 Sed
1065 1643 1133 1663 non
1160 1643 1235 1664 eam
1263 1633 1560 1675 conprehendunt.

900 1674 944 1709 45
970 1678 1150 1720 Quotquot
1174 1689 1249 1710 eam
1276 1684 1489 1721 receperunt,

971 1724 1049 1755 Lux
1075 1726 1111 1755 in
1135 1724 1212 1756 luce
1238 1735 1373 1766 semper
1399 1729 1510 1757 erunt.

970 1769 1068 1800 Haec
1092 1769 1153 1800 lux
1178 1771 1262 1807 vita,
1289 1771 1444 1809 verbum,
1471 1781 1579 1802 causa

970 1814 1073 1856 Apud
1098 1818 1233 1856 patrem
1257 1816 1324 1847 fuit
1349 1817 1479 1855 clausa,

973 1860 1041 1892 Sed
1065 1871 1126 1902 per
1149 1862 1295 1893 verbum
1321 1866 1525 1901 eructatum,

905 1902 948 1937 50
973 1905 1154 1948 Quidquid
1179 1910 1303 1947 exstat,
1329 1912 1383 1939 est
1407 1912 1571 1940 creatum.

500 2029 545 2059 Π.
585 2028 645 2059 De
679 2029 1010 2062 Incarnatione
1043 2031 1191 2063 Verbi.

148 2118 302 2150 Verbum
329 2117 437 2149 altum
464 2120 499 2149 et
523 2118 743 2159 profundum,

146 2163 215 2195 Per
240 2163 331 2204 quod
357 2163 440 2195 feeit
464 2163 560 2195 Deus
586 2164 762 2203 mundum,

149 2209 216 2240 Est
240 2209 277 2240 in
302 2208 431 2240 mundo
458 2209 587 2241 factum
613 2219 704 2249 caro,

150 2254 288 2287 Gaudet
312 2254 461 2286 mundus
486 2254 578 2287 facto
604 2265 694 2287 raro.

105 2298 125 2332 5
150 2299 304 2332 Verbum
330 2309 495 2342 magnum
520 2304 554 2332 et
578 2301 797 2339 immensum,

152 2345 254 2385 Quod
279 2345 416 2377 excedit
441 2356 576 2378 omnem
604 2357 756 2386 sensum,

152 2390 253 2431 Quod
279 2391 422 2422 excellit
446 2391 674 2431 intellectum,

150 2437 261 2476 Virgo
288 2437 392 2477 capit,
418 2446 482 2467 vas
508 2437 666 2468 electum.

152 2482 308 2513 Verbum
334 2482 456 2522 patris,
484 2483 629 2514 verbum
656 2483 796 2523 bonum,

86 2525 128 2561 10
152 2527 220 2559 Per
246 2526 428 2558 amborum
454 2538 590 2559 sacrum
614 2528 743 2559 donum

152 2573 194 2604 In
219 2582 280 2603 eor
305 2573 427 2604 matris
457 2576 651 2605 eructatum

153 2618 263 2658 Virgo
289 2619 384 2659 parit
409 2619 641 2651 incarnatum.

153 2663 342 2694 Eructavit
365 2664 510 2696 verbum
536 2668 645 2706 pater,

155 2707 258 2748 Quod
283 2711 443 2751 concepit
468 2711 569 2752 virgo
595 2714 721 2751 mater3

87 2752 129 2786 15
155 2754 321 2785 Ventrem
346 2755 494 2796 virginis
519 2756 689 2788 intactum

156 2797 283 2839 Implet
306 2800 452 2832 verbum
478 2810 558 2832 caro
584 2802 725 2833 factum.

153 2844 307 2876 Verbum
333 2848 433 2885 pater
457 2848 641 2886 eructavit,

971 2122 1047 2160 Quo
1073 2123 1243 2164 virginem
1270 2123 1485 2162 fecundavit;

971 2167 1080 2209 Virgo
1106 2171 1227 2205 mater,
1255 2178 1384 2209 sponsa
1410 2170 1488 2208 Dei,

904 2208 948 2243 20
972 2212 1166 2243 Parturivit
1189 2217 1309 2244 natum
1335 2216 1377 2245 ei.

973 2257 1145 2299 Splendor
1170 2260 1281 2300 patris
1308 2262 1342 2291 et
1366 2259 1487 2302 figura,

971 2303 1083 2334 Verus
1108 2305 1205 2335 Deus
1232 2306 1268 2336 in
1293 2308 1430 2344 natura,

973 2349 1085 2380 Verus
1110 2349 1214 2380 horno
1240 2350 1278 2381 fit
1303 2361 1345 2382 ex
1370 2354 1479 2383 matre

974 2394 1080 2425 Nullo
1106 2396 1177 2426 nisi
1202 2396 1277 2427 Deo
1304 2400 1413 2438 patre.

905 2437 948 2470 25
975 2439 1101 2471 Vultus
1128 2441 1238 2482 patris
1264 2445 1298 2473 et
1322 2443 1448 2485 imago,

974 2485 1080 2517 Pater
1105 2488 1226 2518 matris
1253 2490 1287 2519 et
1311 2498 1478 2530 propagO,

973 2528 1100 2562 Portus
1124 2533 1275 2573 virginis
1301 2534 1493 2574 mirandus,

976 2576 1091 2607 Homo
1117 2578 1214 2609 Deus
1240 2578 1450 2617 adorandus,

975 2622 1130 2654 Verbum
1155 2625 1265 2665 patris
1291 2631 1325 2656 et
1350 2625 1475 2667 sophia

910 2663 954 2698 30
980 2666 1126 2699 Carnem
1151 2671 1301 2711 sumpsit
1325 2670 1366 2702 de
1391 2671 1516 2703 Maria.

979 2713 1133 2745 Verbum
1158 2725 1239 2746 caro
1265 2716 1307 2747 de
1332 2716 1456 2755 Maria,

979 2759 1074 2791 Deus
1100 2760 1215 2799 homo,
1241 2764 1279 2793 tu
1303 2762 1445 2799 Messia,

980 2805 1074 2836 Deus
1100 2806 1195 2837 solus
1227 2810 1260 2838 et
1285 2817 1466 2849 supernus,

980 2849 1090 2889 Quem
1114 2862 1178 2883 nec
1202 2852 1303 2894 polus
1328 2863 1393 2884 nee
1418 2852 1587 2891 infernus,
