1785 3111
276 170 314 208 2.
361 168 427 206 Nil
459 168 530 205 hoc
560 166 732 215 profecto
760 168 891 213 purius
925 167 1117 214 mysterio,

358 226 439 272 Quo
469 224 566 262 fibra
597 224 723 261 cordis
755 224 931 270 expiatur
961 224 1078 267 uvidi,

356 282 614 329 Intemperata
646 291 719 327 quo
751 280 953 318 domantur
983 281 1142 330 viscera,

358 338 507 376 Arvina
536 343 685 386 putrem
717 348 764 374 ne
795 338 978 375 resudans
1009 337 1202 385 crapulam

359 395 677 442 Obstrangulatae
708 395 844 431 mentis
874 395 1065 442 ingenium
1096 397 1256 442 premat.

277 511 314 548 3.
366 508 469 546 Hinc
499 507 725 555 subiugatur
756 508 866 544 luxus
897 512 934 543 et
964 507 1087 554 turpis
1118 508 1217 555 gula,

360 565 452 603 Vini
483 569 597 611 atque
628 565 748 601 somni
781 565 945 611 degener
976 564 1163 612 socordia,

360 621 500 659 Libido
531 622 702 671 sordem,
735 621 1014 658 inverecundus
1046 621 1153 668 lepos

358 679 570 724 Variaeque
602 683 729 725 pestes
761 678 1025 725 languidorum
1048 687 1222 714 sensuum

358 735 518 773 Parcam
549 735 728 772 subactae
759 734 999 782 disciplinam
1032 735 1211 774 sentiunt,

279 850 320 888 4.
367 847 466 885 Nam
497 848 529 884 si
560 847 720 884 licenter
750 846 926 884 diffluens
957 851 1049 894 potu
1080 850 1117 883 et
1147 847 1231 884 cibo

356 905 488 942 Ieiuna
518 905 592 941 rite
622 904 791 941 membra
822 915 897 941 non
929 914 1117 950 coerceas,

356 961 536 1008 Sequitur
567 960 757 1008 frequenti
788 961 960 999 marcida
990 961 1241 998 oblectamine

356 1017 531 1056 Scintilla
561 1018 699 1055 mentis
729 1022 772 1055 ut
802 1021 974 1065 tepescat
1003 1018 1155 1064 nobilis,

353 1075 589 1122 Animusque
619 1075 739 1122 pigris
770 1079 906 1112 stertat
935 1078 977 1112 ut
1004 1075 1254 1121 praecordiis.

275 1192 310 1228 5.
357 1189 574 1226 Frenentur
603 1198 692 1235 ergo
724 1189 893 1235 corporis
926 1189 1137 1237 cupidines,

354 1246 517 1283 Detersa
547 1249 584 1282 et
613 1245 715 1282 intus
747 1245 883 1282 emicet
913 1246 1140 1293 prudentia3

355 1303 419 1341 Sic
449 1302 613 1339 excitato
644 1302 848 1349 perspicax
879 1303 1052 1340 acumine

353 1359 546 1406 Liberque
574 1357 667 1396 flatu
697 1359 843 1396 laxiore
875 1360 1032 1407 spiritus

352 1417 493 1454 Rerum
525 1420 721 1463 parentem
753 1416 894 1453 rectius
925 1416 1155 1464 precabitur.

270 1532 309 1568 6.
360 1530 447 1567 Elia
478 1530 546 1566 tali
579 1530 698 1566 crevit
729 1530 984 1578 observantia,

352 1587 469 1623 Vetus
499 1587 690 1633 sacerdos,
723 1587 822 1623 ruris
853 1586 990 1633 hospes
1022 1587 1134 1634 aridi,

353 1643 523 1691 Fragore
554 1643 601 1680 ab
633 1644 733 1680 omni
764 1654 873 1690 quem
906 1650 1091 1681 remotum
1123 1648 1160 1680 et
1189 1654 1381 1691 segregem

353 1700 554 1747 Sprevisse
585 1701 741 1737 tradunt
775 1701 972 1737 criminum
1005 1699 1259 1748 frequentiam

355 1757 470 1795 Casto
501 1755 686 1794 fruentem
722 1757 891 1804 Syrtium
924 1758 1089 1797 silentio,

281 1860 318 1899 7.
365 1859 442 1896 Sed
471 1870 558 1896 mox
589 1860 628 1896 in
659 1871 772 1896 auras
802 1860 922 1906 igneis
954 1861 1142 1908 iugalibus

358 1915 554 1963 Curruque
586 1920 718 1963 raptus
750 1917 916 1954 evolavit
946 1921 1142 1966 praepete„

355 1972 414 2009 Ne
446 1973 494 2010 de
524 1974 738 2021 propinquo
768 1974 935 2011 sordium
969 1975 1142 2021 contagio

351 2029 468 2066 Dirus
499 2030 667 2076 quietum
697 2031 860 2067 mundus
890 2030 1052 2068 adflaret
1082 2032 1217 2080 virum,

357 2086 456 2124 Olim
487 2086 661 2133 probatis
692 2087 862 2124 inclitum
894 2088 1057 2128 ieiuniis,

184 2181 327 2213 Collect.
361 2192 423 2213 ms.
458 2183 493 2214 S.
526 2181 693 2214 Iohannis
726 2183 946 2214 Laudunen‘?
981 2194 1069 2215 saec.
1106 2181 1158 2215 10.
1214 2184 1296 2215 Cod.
1330 2185 1476 2216 Bernen.
1511 2182 1587 2215 455.
1620 2200 1666 2205 —

95 2223 126 2265 2,
151 2224 172 2257 2
198 2228 360 2268 expiatur
377 2228 501 2260 invidi.
519 2245 563 2249 —
581 2226 612 2261 6,
641 2226 656 2258 1
676 2228 794 2259 Helia.
813 2245 856 2250 -—
874 2229 953 2269 Vgl.
971 2230 1030 2261 Nr.
1050 2227 1080 2266 S,
1106 2240 1159 2261 wo
1178 2229 1234 2260 die
1252 2231 1336 2261 zwei
1355 2233 1470 2261 ersten
1488 2229 1661 2271 Strophen

92 2271 205 2304 dieses
232 2272 360 2304 Liedes
393 2273 445 2304 als
476 2273 704 2305 verbreiteter
733 2275 890 2314 Hymnus
916 2276 952 2305 in
983 2275 1044 2305 der
1069 2275 1269 2306 Fastenzeit
1297 2275 1483 2317 mitgeteilt
1508 2275 1661 2312 wurden,

92 2318 256 2393 wiffrend
281 2318 358 2350 hier
383 2319 504 2350 sieben
530 2318 702 2360 Strophen
728 2320 780 2350 als
806 2319 1015 2362 Tischgebet
1041 2320 1123 2351 oder
1139 2320 1379 2362 Tischgesang
1401 2320 1592 2363 gebraucht
1612 2330 1663 2351 er-

93 2372 129 2393 sc
156 2374 268 2395 einen.

521 2452 579 2488 45.
617 2453 698 2495 (18.)
733 2454 882 2489 Versus
907 2454 1000 2497 post
1025 2453 1236 2489 Ieiunium.

650 2520 821 2562 (Cathem.
848 2523 943 2561 VIII⁷
972 2521 1104 2563 1—32).

368 2608 404 2645 1.
449 2607 614 2651 Christe,
649 2619 847 2645 servorum
878 2609 1045 2656 regimen
1077 2615 1240 2657 tuorum,

449 2663 634 2701 Mollibus
666 2666 729 2712 qui
761 2676 828 2702 nos
860 2667 1062 2703 moderans
1094 2666 1251 2703 habenis

452 2721 610 2758 Leniter
643 2720 770 2759 frenas
803 2720 1003 2769 facilisque
1034 2727 1186 2770 saeptos

478 2775 482 2777 ’
549 2783 555 2788 ”
730 2779 831 2826 Lege
863 2789 1028 2817 coerces.
