1785 3111
68 195 133 232 25.

74 602 140 639 26.

71 1010 135 1048 27.

70 1419 135 1457 28.

72 1828 142 1866 29.

77 2294 144 2331 30.

698 74 1009 115 —633-—

177 191 298 230 Dolor
327 191 458 230 matris
489 191 750 238 prolongatur,

181 248 313 286 Donec
342 248 469 296 proles
500 248 681 295 patiatur,

237 305 291 344 Ut
321 305 432 342 simul
462 305 690 352 parturiant,

181 362 276 408 Quia
306 361 447 409 probra
477 361 657 408 patientis

184 419 316 467 sputa,
349 418 458 468 clavi,
493 428 586 455 crux
618 416 788 466 parentis

236 475 414 513 Animam
447 475 672 522 digladiant.

184 601 280 648 Ave,
311 600 418 648 virgo
449 599 664 647 singularis,

183 656 385 706 Apotheca
415 657 594 694 salutaris

239 714 428 761 Pigmenti
458 713 682 761 thearchici,

180 772 276 819 Ave,
309 770 414 808 cuius
446 781 510 807 cor
541 781 563 808 a
595 770 699 807 cunis

182 828 454 866 Consecratum
486 832 569 864 erat
598 827 732 874 prunis

238 884 391 922 Amoris
423 883 611 922 exstatici.

181 1010 276 1058 Ave,
308 1009 431 1059 virgo,
463 1019 529 1046 vas
562 1007 717 1045 verbale

182 1066 309 1103 Decus
340 1066 518 1112 plantans
550 1065 761 1102 matronale

235 1122 405 1170 Virginis
435 1122 475 1158 in
505 1121 658 1169 stipite,

179 1180 274 1225 Ave,
308 1180 412 1216 cuius
443 1178 588 1216 ventris
620 1189 775 1225 promus

182 1236 234 1274 Et
266 1235 417 1274 virtutis
448 1245 580 1272 sacrae
614 1235 746 1272 domus

238 1292 321 1330 Deo
352 1293 519 1339 gaudent
549 1291 713 1338 hospite.

184 1418 279 1465 Ave,
312 1417 419 1466 virgo
449 1416 550 1454 laeta
581 1417 701 1467 prole,

183 1476 302 1522 Quam
333 1473 509 1511 amictam
541 1473 638 1511 vidit
668 1473 747 1511 sole

236 1531 424 1569 Iohannes
457 1530 642 1578 deividus,

188 1588 304 1627 Cuius
344 1588 485 1634 plantis
518 1591 575 1624 est
605 1587 818 1625 substratus

185 1645 316 1683 Lunae
346 1643 491 1694 globus,
524 1648 568 1681 ut
598 1642 794 1691 praefatus

240 1701 393 1740 Astruit
422 1701 617 1740 altividuS.

190 1827 287 1874 Ave,
318 1826 438 1873 virgo,
468 1836 615 1863 morum
645 1824 788 1873 schola,

193 1883 297 1929 Quae
326 1887 486 1920 naturae
517 1886 671 1920 nostrae
703 1882 802 1921 stola

244 1939 446 1978 Trabeasti
475 1939 594 1977 filium
610 1937 657 1990 ¹),

188 1996 434 2044 Praeparasti
464 1997 546 2034 Deo
577 1996 729 2034 thorum

186 2053 239 2091 Et
268 2057 433 2091 actorem
449 2051 483 2104 2)
511 2053 731 2101 angelorum

244 2110 388 2148 Fecisti
417 2111 614 2149 novitium.

190 2293 285 2342 Ave,
318 2295 452 2339 mater,
484 2292 591 2339 virgo
623 2302 731 2341 pura,

188 2349 275 2386 Leti
304 2349 423 2386 letum
454 2352 492 2385 et
523 2358 694 2395 censura,

245 2405 370 2442 Melos
401 2415 529 2442 musae
560 2404 757 2453 tristibus,

189 2462 285 2509 Ave,
316 2461 451 2511 gaude,
484 2461 591 2508 virgo
624 2461 758 2508 dulcis,

189 2518 308 2557 Laxis
338 2517 445 2556 fibris
477 2522 515 2555 et
544 2518 682 2555 hiulcis

250 2575 514 2614 Collaudanda
545 2573 731 2614 faucibus.

197 2720 222 2763 ¹)
259 2721 416 2754 clarium.
441 2739 486 2743 —

192 2765 221 2850 ’ἐξ
257 2767 492 2844 &liar-J

886 190 951 229 31.

890 599 956 637 32.

891 1009 957 1046 33.

891 1418 956 1456 34.

898 1827 962 1865 35.

898 2292 964 2329 36.

998 190 1092 239 Ave,
1125 199 1271 237 gemma
1302 188 1539 235 feminarum,

999 248 1101 292 Quae
1132 257 1224 293 prae
1258 246 1402 283 cunctis
1423 246 1634 294 gratiarum

1054 303 1238 341 Invenisti
1270 304 1428 352 copiam,

1000 359 1204 397 Pulchrum
1234 361 1273 397 in
1305 365 1341 396 te
1375 358 1467 397 fecit
1493 369 1636 404 Zeuma,

1001 417 1093 455 Cum
1124 416 1246 454 univit
1278 416 1394 455 verbo
1426 427 1589 464 pneuma

1055 473 1274 520 Duplicem
1289 473 1552 512 substantiam.

1004 599 1098 636 Ave.
1131 598 1249 645 virgo,
1284 598 1444 645 pulchra
1472 601 1564 644 tota,

1003 655 1117 692 Cuius
1148 655 1253 692 nulla
1282 655 1393 692 naevi
1424 660 1514 692 nota

1058 712 1250 750 Pudorem
1286 711 1443 762 deliliat‚

1001 769 1096 815 Ave,
1129 768 1215 805 novi
1247 769 1360 805 musti
1392 772 1528 817 crater,

1002 826 1097 872 Ave,
1130 835 1280 871 parens,
1313 835 1394 873 ave,
1426 829 1559 869 mater,

1060 883 1178 929 Quam
1211 882 1336 918 Venus
1367 893 1442 918 non
1473 882 1594 919 vitiat.

1003 1008 1098 1051 Ave,
1139 1011 1275 1052 crater,
1311 1006 1415 1043 cuius
1447 1009 1609 1043 mustum

1005 1064 1116 1100 Illum
1148 1062 1279 1110 fidum,
1312 1063 1420 1100 illum
1452 1063 1592 1100 iustum

1061 1122 1215 1158 Petrum
1249 1120 1504 1166 debriaverat,

1005 1178 1155 1215 Haustu
1186 1177 1291 1213 cuius
1323 1187 1456 1214 ausum
1488 1180 1620 1214 nactus

1005 1234 1134 1272 Novus
1166 1233 1273 1271 verbi
1305 1244 1445 1280 praeco
1478 1231 1602 1270 factus

1062 1291 1104 1327 In
1136 1290 1253 1327 verba
1284 1294 1527 1337 proruperat.

1005 1419 1098 1462 Ave,
1133 1415 1226 1452 caeli
1261 1415 1387 1464 decor,
1421 1425 1502 1461 ave⁷

1003 1473 1075 1510 Dei
1106 1472 1287 1518 templum
1319 1476 1357 1508 et
1391 1471 1581 1519 conclave,

1062 1529 1178 1567 Cuius
1209 1529 1247 1565 in
1278 1528 1482 1575 praeconio

1005 1586 1134 1625 Omnis
1166 1586 1264 1622 altus
1296 1585 1423 1622 scriba
1453 1585 1564 1635 iacet,

1007 1643 1136 1682 Omnis
1169 1643 1299 1679 rhetor
1327 1653 1415 1679 acer
1446 1645 1530 1679 acet

1061 1700 1114 1737 Et
1145 1699 1276 1736 sordet
1308 1699 1469 1747 eloquio.

1008 1826 1102 1875 Ave,
1138 1824 1242 1861 cuius
1273 1824 1338 1871 pia
1368 1833 1481 1870 prece

1009 1883 1257 1920 Peccatorum
1282 1885 1384 1917 tersa
1415 1879 1521 1917 faece

1067 1938 1138 1976 Rei
1168 1938 1335 1986 gaudent
1366 1937 1488 1983 venia,

1009 1996 1109 2043 Quos
1140 1994 1348 2032 confractis
1378 1992 1587 2030 inferorum

1012 2052 1198 2091 Claustris
1210 2049 1247 2101 3)
1279 2049 1467 2088 transfers
1489 2049 1539 2087 ad
1562 2058 1645 2086 cae-

1371 2108 1492 2143 lorum

1066 2164 1227 2202 Stellata
1258 2164 1416 2210 palatia.

1010 2290 1105 2335 Ave,
1135 2299 1273 2326 novum
1305 2298 1371 2324 vas
1403 2287 1589 2325 humanas

1010 2347 1141 2393 Aquas
1171 2344 1278 2392 prius
1310 2344 1521 2382 malesanas

1067 2402 1141 2440 Dei
1171 2401 1250 2439 sale
1282 2401 1487 2451 condiens3

1012 2460 1107 2507 Ave,
1138 2458 1261 2496 Deum
1291 2458 1331 2495 in
1361 2462 1549 2495 secretum

1013 2516 1180 2553 Thorum
1201 2515 1356 2553 trahens
1374 2519 1410 2551 et
1429 2516 1648 2552 concretum

1067 2573 1127 2610 Ex
1158 2572 1351 2610 abstracto
1382 2570 1545 2609 faciens.
