1785 3111
706 33 984 74 -67-

327 148 363 186 7.
396 148 499 193 Opus
531 148 691 185 removit
723 159 839 185 saeva
870 149 1090 197 volentium,

395 204 487 241 Cum
520 215 611 241 voce
642 210 854 242 monstrant
885 206 949 252 qui
981 206 1148 253 gladium
1179 205 1311 243 simul:

394 260 473 298 Nos
503 261 605 307 hinc,
637 272 849 308 precamur,
884 263 1006 309 dirige
1036 268 1202 307 tartaro,

393 317 490 354 Nam
522 323 654 356 nostra
684 326 853 355 sanctam
885 330 959 356 non
991 319 1109 357 violat
1145 330 1290 357 manus.

321 410 359 447 8.
392 409 592 456 Turgescit
621 410 678 446 illi
710 408 800 446 felle
831 410 935 447 iecur
966 411 1121 458 calens3

392 466 485 503 Mox
517 478 621 512 saxa,
654 466 785 516 fossas,
820 467 993 515 verbera,
1026 467 1181 512 bestias,

391 523 517 560 Maius
551 534 745 571 venenum,
779 523 986 560 blanditias
1019 530 1142 572 parat,

393 579 534 625 Quibus
565 581 696 628 virago
728 579 880 617 fortiter
909 580 1078 619 obstitit.

151 667 180 708 l,
204 667 225 700 2
249 669 446 711 triumphus
471 671 510 702 B.
530 687 572 692 —
600 669 628 709 1,
654 668 675 702 3
701 670 816 702 mollis
842 671 881 703 B.
910 687 955 692 —
979 667 1010 707 2,
1035 668 1058 701 4
1082 671 1275 711 conciperit
1293 671 1330 704 B.
1349 687 1392 691 —-
1417 669 1449 708 4,
1478 669 1494 702 1
1514 672 1629 713 possis

56 716 94 746 B.
120 732 163 736 -
187 713 218 753 4,
252 713 274 746 4
299 719 429 747 metuet
452 716 491 747 B.
517 732 563 736 —-
590 713 620 756 5,
654 713 674 747 2
698 716 791 747 Iussi
824 715 967 747 fefertur
990 716 1031 747 B.
1059 734 1099 737 ——
1127 714 1158 752 7,
1194 716 1208 746 1
1238 720 1393 747 remouet
1418 717 1457 747 B.
1484 735 1527 739 —
1553 714 1583 755 8,
1613 716 1627 747 l

53 761 317 837 {lsszgggssgtssssjgi
340 761 420 792 felle
446 761 540 792 iecor
556 762 595 795 B.
615 780 658 784 —
685 762 866 802 „Hymnus
892 765 1034 792 sanctae
1059 760 1288 803 Euphemiae,
1315 761 1428 793 dictus
1455 771 1475 792 a
1501 762 1627 793 domno

496 894 532 930 2.
568 894 626 937 (9.)
662 895 837 938 Hymnus
864 894 996 930 sancti
1022 894 1201 930 Nazarii.

72 979 109 1016 1.
140 978 314 1024 Angusta
341 977 442 1014 vitae
472 982 657 1027 tempora,
889 980 926 1018 5.
962 977 1058 1014 Nam
1099 978 1235 1015 ductor
1265 978 1330 1014 ille
1361 976 1471 1015 fortis
1504 984 1572 1025 est,

139 1034 274 1071 Parvis
306 1039 438 1071 coacta
467 1035 653 1081 terminis,
961 1035 1031 1080 Qui
1068 1035 1174 1072 bella
1205 1035 1349 1072 viribus
1382 1035 1514 1081 docet3

139 1091 244 1128 Mors
276 1096 407 1128 sancta
440 1091 555 1128 donat
588 1102 772 1139 crescere,
961 1092 1077 1137 Quem
1123 1092 1225 1129 dicta
1268 1092 1425 1128 militem
1464 1092 1630 1142 trahant,

138 1150 307 1185 Aeterna
336 1147 431 1185 fines
462 1154 681 1197 praeparat.
963 1148 1003 1186 Si
1036 1149 1112 1185 dux
1143 1149 1321 1196 gerendis
1353 1148 1549 1186 abstinet?

70 1240 108 1276 2.
136 1237 195 1274 De
226 1237 334 1285 fruge
366 1249 518 1275 casuum
549 1238 665 1288 venit,
892 1242 930 1278 6.
962 1240 1133 1276 Yentosa
1165 1240 1316 1286 linguae
1346 1240 1525 1286 hortatio,

140 1295 249 1340 Quod
280 1300 411 1342 surgat
441 1296 644 1332 humanum
665 1306 804 1344 genusg
958 1296 1065 1341 Quod
1079 1295 1201 1333 forma
1211 1300 1394 1345 praestat,
1412 1308 1485 1333 non
1503 1296 1632 1342 habet,

141 1352 184 1388 Iu
216 1352 337 1399 stirpe
370 1352 554 1389 Nazarius
587 1353 685 1390 bona
968 1353 1045 1391 Sed
1086 1365 1221 1400 magna
1259 1357 1458 1400 postquam
1489 1354 1633 1392 semina

142 1408 199 1445 De
230 1414 351 1445 morte
381 1409 508 1446 lumen
538 1409 704 1449 addidit.
964 1410 1162 1447 Scribente
1193 1414 1296 1447 terra
1331 1411 1480 1447 sarculo

74 1501 113 1539 3.
147 1499 299 1537 Nerone
330 1498 423 1537 felix
455 1501 628 1547 principe
897 1502 932 1539 7,
965 1500 1098 1538 Glebis
1130 1499 1300 1538 refundit
1330 1501 1497 1548 optimis.

141 1556 302 1594 Diversa
333 1568 537 1605 perpessus
569 1558 669 1595 mala
966 1558 1225 1595 Mediolanum
1257 1569 1344 1595 mox
1375 1559 1485 1606 petit,

144 1613 361 1652 Substravit
391 1614 534 1662 orbem⁷
566 1626 641 1651 non
672 1615 780 1662 gravi
967 1616 1011 1652 In
1043 1626 1115 1662 qua
1145 1615 1338 1662 triumpho
1370 1615 1490 1652 nobili

145 1672 290 1707 Pavore
322 1671 448 1708 cordis
481 1671 643 1718 algidus.
968 1672 1101 1709 Carnis
1134 1672 1281 1709 ruinam
1313 1672 1495 1719 reppulit.

72 1764 112 1799 4.
145 1760 219 1798 Sed
249 1765 291 1798 ut
321 1760 494 1808 profanis
524 1762 688 1811 inderet,
897 1765 934 1802 8.
962 1763 1033 1809 Qui
1064 1763 1155 1799 sede
1186 1773 1260 1799 non
1295 1763 1409 1810 digna
1439 1763 1567 1800 iacens

142 1818 222 1864 Quo
263 1818 361 1855 calle
399 1820 655 1856 conscendant
685 1820 808 1869 polos,
966 1821 1102 1857 Vatem
1134 1820 1354 1856 tremendus
1385 1831 1472 1856 mox
1493 1825 1632 1870 monet,

143 1875 264 1911 Verus
295 1875 477 1923 magister
506 1876 655 1913 actibus
966 1877 1020 1915 Ut
1051 1877 1156 1914 clara
1186 1888 1319 1913 rursus
1351 1888 1508 1914 munera

142 1931 342 1978 Exempla,
375 1943 450 1969 non
481 1932 609 1970 verbis
642 1933 761 1973 dedit,
965 1934 1112 1971 Mundo
1144 1932 1294 1970 refusus
1325 1934 1500 1974 adderet,

148 2021 344 2054 AusserB:
380 2023 510 2064 Hymn.
546 2034 608 2054 ms.
635 2023 885 2055 Severinianus
917 2034 1006 2055 saec.
1044 2021 1095 2056 10.
1128 2034 1179 2055 ex
1230 2024 1313 2057 Cod.
1339 2024 1501 2056 Vatican.
1535 2022 1633 2057 7172.

55 2069 95 2099 Α.
131 2085 175 2089 ——
207 2068 265 2109 Hy
269 2079 336 2099 mn.
373 2079 435 2099 ms.
469 2068 720 2100 Sexeiinianus
758 2080 848 2101 saec.
886 2067 935 2103 10
968 2080 1020 2101 ex.
1079 2069 1160 2103 Cod.
1195 2069 1347 2100 Parisin.
1383 2068 1481 2104 1092
1517 2071 1554 2102 C.
1591 2089 1636 2092 —

58 2111 1634 2155 1SdonaAC—14fines4C—22QuoB—-olinfehsAC—34

56 2169 166 2200 pauor
199 2162 234 2191 et
270 2159 384 2191 cordis
416 2159 550 2191 alcidus
583 2161 628 2199 B,
667 2160 784 2202 algide
816 2161 852 2193 C.
890 2178 932 2182 —
967 2159 1052 2199 4,1
1087 2161 1253 2202 profanus
1288 2161 1400 2192 indiie
1434 2162 1633 2200 A3indi1e

57 2205 222 2246 profanus
249 2203 284 2239 C.
312 2222 353 2226 —-
378 2203 420 2244 4,
445 2203 465 2236 2
491 2184 722 2237 eonsenilanff
731 2206 832 2247 polus
858 2207 903 2245 133
938 2206 1038 2246 Quod
1065 2206 1153 2237 calle
1179 2207 1392 2238 conscendat
1420 2207 1539 2248 polum
1564 2208 1637 2239 AC.

56 2267 100 2271 —-
126 2249 157 2288 5,
183 2248 204 2282 3
229 2249 357 2281 dictam
381 2251 426 2289 A?
454 2251 594 2282 trahent
617 2252 660 2289 03
688 2252 831 2283 tradunt
854 2252 894 2283 A.
913 2269 958 2272 —
983 2250 1012 2289 6,
1042 2250 1057 2283 1
1085 2252 1209 2293 lingua
1225 2252 1297 2283 AC.
1316 2270 1361 2273 —
1385 2250 1416 2291 6,
1445 2251 1466 2283 2
1491 2253 1569 2292 Qua
1586 2254 1634 2287 A:

57 2296 153 2335 Quae
180 2296 224 2335 C3
254 2306 324 2327 non
350 2300 431 2328 auet
454 2297 493 2327 Β.
520 2314 563 2317 -
594 2296 624 2335 6,
649 2294 670 2328 2
698 2302 884 2339 postquam
910 2307 1037 2339 magna
1058 2297 1127 2330 AC.
1147 2314 1189 2319 ——
1216 2295 1248 2335 6,
1271 2295 1294 2328 4
1320 2296 1538 2330 Scribentem
1555 2299 1635 2337 AC,

57 2344 184 2372 terram
202 2342 241 2372 B.
260 2359 306 2362 —
323 2340 352 2381 7,
379 2339 400 2372 2
417 2342 671 2373 Mediolanium
689 2344 736 2379 B;
764 2344 866 2384 petiit
882 2343 951 2374 AC.
969 2360 1013 2364 —-
1031 2340 1060 2381 8,
1079 2341 1101 2374 4
1118 2343 1279 2384 perfusus
1297 2343 1366 2377 AC.
1387 2361 1427 2364 —
1451 2344 1635 2385 „Hymnus

59 2388 169 2418 sancti
194 2387 336 2425 Nazari,
361 2387 473 2419 dictus
499 2398 520 2419 a
545 2388 672 2419 domno
699 2388 896 2421 Ennodiof
924 2390 963 2420 B.

452 2509 512 2546 63.
549 2510 629 2552 (10.)
667 2511 843 2555 Hymnus
869 2512 1036 2546 sanotae
1062 2511 1234 2546 Mariae.

75 2593 110 2629 1.
143 2593 197 2631 L't
226 2592 412 2639 virginem
442 2590 559 2630 fetam
589 2593 734 2639 loquar,
908 2596 945 2632 2.
979 2594 1177 2641 Exposcit,
1209 2595 1293 2641 ipsa
1323 2599 1512 2643 suggerat.

146 2649 246 2694 Quid
286 2649 400 2686 laude
441 2649 594 2695 dignum
625 2649 802 2686 Mariae?
979 2651 1061 2688 Sint
1093 2651 1210 2688 verba
1241 2662 1308 2688 ceu
1339 2652 1583 2699 miraculum;

144 2706 219 2742 Det
247 2710 394 2753 parm,
425 2710 545 2755 ornet,
578 2706 715 2753 exigat,
978 2708 1089 2753 Quid,
1112 2719 1228 2753 mens,
1246 2709 1417 2755 requiras
1439 2706 1636 2744 ordinem?

146 2762 253 2807 Quod
271 2763 399 2815 clausa
415 2768 538 2811 porta,
556 2763 656 2809 quod
669 2767 802 2809 patens
978 2764 1125 2801 Natura
1155 2769 1275 2801 totum
1306 2764 1489 2811 perdidit.

1383 2828 1432 2861 5*
