1785 3111
111 208 181 248 19.

107 492 181 531 20.

109 775 179 814 21.

106 1061 183 1099 22.

105 1344 176 1382 23.

100 1629 134 1666 :2
141 1629 176 1667 4.

103 1912 177 1951 25.

733 114 787 120 —
845 92 926 134 437

218 207 416 254 Nunquam
447 206 549 244 sinas
576 206 614 242 in
635 216 695 242 me
716 206 846 253 spinas

271 263 458 301 Vitiorum
489 273 673 309 crescere,

213 321 319 367 Quae
334 320 383 358 ad
400 318 564 357 fructum
580 330 648 357 nos
665 320 848 356 virtutum

271 377 393 414 Doces
424 387 574 423 semper
604 376 774 414 tendere.

216 491 394 529 Clemens
427 490 538 534 dona,
571 493 611 526 ut
643 494 803 536 patrona

274 546 377 584 Velis
410 556 492 583 esse
523 547 675 595 misero,

215 604 267 643 Ut
282 604 334 641 sis
351 614 508 650 mecum,
528 613 612 640 cum
629 603 678 641 ad
690 614 850 650 aequum

274 660 460 698 Tribunal
490 670 724 707 processerO.

213 774 473 821 Supplicando
504 784 562 810 me
594 774 814 811 commendo

271 831 351 868 Tuo
383 831 607 878 patrocinio⁷

216 888 274 925 Ne
307 898 372 924 rex
405 886 514 925 fortis
547 887 653 924 dirae
684 887 815 924 mortis

273 944 419 982 Tradat
450 954 508 980 me
539 943 740 990 supplicio,

219 1060 354 1097 Preces
387 1056 504 1095 funde
535 1062 572 1094 et
603 1057 792 1104 responde

278 1116 353 1153 Pro
383 1125 443 1151 me
472 1118 561 1152 ante
590 1114 768 1159 iudicem,

215 1172 312 1209 Nam
333 1170 498 1209 offensae
518 1174 605 1208 sunt
626 1171 844 1219 immensae,

273 1229 377 1275 Quae
410 1234 591 1266 accusant
622 1228 845 1276 supplicem.

211 1343 477 1391 Desperarem,
511 1341 543 1378 si
575 1352 774 1388 pensarem

271 1399 359 1436 Mea
390 1403 537 1435 tantum
568 1398 704 1435 merita

209 1455 294 1493 Nec
328 1455 518 1493 audissem
549 1459 614 1492 aut
645 1456 846 1493 sensissem

269 1513 323 1550 Te
354 1512 503 1549 salvare
533 1512 701 1559 perdita.

210 1627 341 1664 Mater
370 1626 485 1676 alma,
519 1626 593 1663 tuis
625 1625 731 1663 salva

269 1682 452 1720 Precibus
483 1682 583 1720 hunc
614 1683 804 1731 miserum,

211 1740 330 1786 Quem
362 1739 511 1787 subegit
542 1743 580 1776 et
611 1739 799 1787 confregit

268 1797 410 1844 Magna
439 1797 556 1834 moles
588 1797 785 1834 scelerum.

210 1911 245 1947 A
278 1910 446 1957 peccatis
477 1914 514 1947 et
542 1921 564 1947 a
594 1911 726 1947 mortis

272 1966 414 2005 Libera.
444 1967 673 2014 praepositis

211 2024 265 2060 Te
297 2028 515 2070 poscentem
547 2029 583 2061 et
614 2023 817 2061 habentem

267 2080 380 2127 Spem
412 2081 450 2118 in
482 2081 556 2118 tuis
586 2081 742 2121 meritis.

933 208 1000 246 26.

938 489 989 529 27

939 775 1005 813 28.

937 1060 1003 1097 29.

936 1343 1000 1380 30.

935 1627 1001 1665 31.

933 1911 999 1949 32.

1034 207 1148 255 Virgo
1181 207 1290 255 lenis,
1322 218 1344 245 a
1376 209 1536 246 terrenis

1087 264 1234 301 Munda
1263 275 1329 301 nos
1362 264 1560 302 affectibus

1032 320 1082 357 Et
1114 326 1333 358 cunctorum
1366 321 1591 360 delictorum

1091 377 1168 414 Nos
1199 377 1354 415 absolve
1385 379 1557 420 nexibus,

1039 491 1224 540 Paradisi,
1258 502 1330 538 quo
1363 492 1475 529 divisi

1092 547 1334 593 Exsulamus,
1367 549 1512 586 aditum

1038 604 1156 641 Nobis
1180 605 1317 653 pande,
1341 606 1442 652 quod
1459 605 1505 643 ob
1523 606 1669 654 grande

1094 660 1215 697 Nimis
1247 665 1355 708 potes
1387 662 1577 701 meritum.

1041 774 1125 811 Illic
1156 777 1304 820 patrem
1336 778 1448 822 atque
1479 780 1639 813 matrem

1091 831 1217 868 Meam
1249 829 1310 868 fac
1340 832 1519 869 constitui

1034 887 1085 924 Et
1116 887 1300 924 bonorum
1329 894 1569 926 aeternorum

1092 944 1278 982 Ubertate
1309 943 1468 992 perfrui.

1037 1058 1179 1105 Regem
1211 1058 1306 1095 caeli
1338 1069 1407 1105 pro
1439 1058 1544 1096 fideli

1093 1115 1251 1162 Semper
1281 1126 1348 1153 ora
1380 1116 1533 1163 populo,

1038 1172 1089 1210 Ut
1120 1171 1167 1209 ab
1199 1172 1272 1209 isto
1306 1173 1401 1209 duce
1434 1173 1587 1211 Christo

1092 1228 1282 1266 Eruamur
1313 1230 1476 1267 saeculo,

1033 1343 1115 1380 Deo
1147 1352 1248 1390 cara,
1280 1342 1388 1380 nobis
1419 1354 1512 1390 para

1091 1399 1199 1436 Viam
1230 1399 1280 1436 ad
1312 1400 1502 1442 caelestia,

1035 1456 1110 1494 Ubi
1142 1455 1217 1493 frui
1251 1456 1392 1494 Christi
1423 1457 1477 1494 tui

1090 1513 1309 1551 Mereamur
1339 1513 1472 1561 gloria.

1035 1628 1180 1663 Auctor
1210 1627 1353 1676 mundi,
1387 1628 1449 1674 qui
1481 1626 1623 1665 effundi

1089 1684 1169 1721 Tuo
1201 1687 1334 1721 ventre
1366 1684 1495 1729 voluit,

1034 1741 1081 1778 Se
1112 1751 1240 1778 amare
1271 1746 1307 1778 et
1339 1751 1492 1778 servare

1088 1797 1209 1835 Nobis
1242 1798 1318 1844 det,
1351 1798 1451 1845 quod
1485 1798 1632 1837 docuit.

1032 1912 1150 1948 Pater
1182 1911 1296 1958 Deus,
1329 1911 1384 1949 fili
1416 1912 1531 1959 Deus,

1091 1968 1192 2005 Deus
1222 1969 1320 2007 alme
1351 1969 1520 2015 spiritus,

1036 2025 1106 2062 Per
1137 2030 1292 2063 aeterna
1322 2036 1390 2063 nos
1421 2026 1601 2075 guberna,

1090 2082 1196 2119 Deus
1227 2093 1334 2131 unus,
1367 2083 1530 2122 saecula.

667 2251 944 2300 Rhythmus
987 2252 1093 2290 VIII.

169 2391 178 2400 .
211 2363 322 2402 Caeli
355 2369 477 2410 porta,
510 2374 577 2410 qer
608 2375 718 2410 quam
751 2369 834 2402 orta

271 2420 380 2458 Salus
412 2424 469 2456 est
499 2419 680 2465 fidelium,

211 2477 332 2514 Porta
362 2477 468 2525 luciS‚
501 2487 596 2524 quae
628 2477 806 2524 perducis

267 2533 332 2571 Ad
365 2543 530 2580 perenne
562 2534 762 2580 gaudium:

169 2673 179 2682 .
213 2645 329 2692 Virgo
360 2647 477 2695 clara,
506 2658 601 2694 quae
633 2648 764 2694 ignara

274 2702 406 2740 Virilis
439 2704 619 2741 consortii

216 2759 394 2796 Meruisti
424 2771 506 2797 esse
539 2761 679 2798 Christi

276 2815 414 2866 Mater,
447 2817 518 2854 Dei
548 2817 638 2863 filii3

964 2366 1002 2402 3.

962 2651 998 2689 4.

1035 2365 1150 2412 Virgo
1159 2365 1339 2412 prudens,
1353 2376 1448 2412 quae
1459 2366 1664 2405 excludens

1093 2422 1242 2460 Primae
1274 2423 1421 2469 culpam
1455 2421 1617 2460 feminae

1033 2479 1168 2517 Gesta:
1182 2477 1344 2516 fructum
1355 2490 1426 2516 non
1437 2479 1664 2526 productum

1088 2535 1147 2573 Ex
1180 2535 1281 2572 virili
1312 2536 1473 2580 semine3

1033 2649 1144 2686 Sume
1175 2653 1264 2686 vota
1294 2659 1364 2685 nec
1396 2654 1539 2686 remota

1087 2706 1178 2743 Tuis
1210 2706 1261 2742 sis
1293 2705 1541 2753 supplicibus,

1031 2761 1106 2799 Sed
1137 2763 1292 2799 intende
1324 2767 1359 2798 et
1393 2760 1556 2798 defende

1088 2819 1166 2856 Nos
1198 2830 1220 2856 a
1250 2818 1359 2855 malis
1391 2818 1575 2857 omnibus,
