1785 3111
710 62 1016 103 —373—

230 178 296 216 28.
342 176 414 222 Qui
442 187 512 223 per
542 186 651 223 opem
684 177 778 213 caeli
808 177 936 214 clauso
969 188 1092 214 comes
1125 188 1164 214 es
1196 177 1350 214 Danieli

339 234 414 271 Per
444 233 670 280 solitumque
701 233 838 270 bonum
872 232 1046 271 defendis
1077 234 1125 271 ab
1158 245 1224 271 ore
1254 234 1417 280 leonum,

338 287 486 327 Dextra
517 301 584 326 suo
613 300 718 326 more
748 296 812 327 tua
842 302 910 327 nos
941 291 1066 328 trahat
1099 291 1219 328 hostis
1247 291 1295 328 ab
1327 301 1406 329 ore.

230 381 296 420 29.
343 380 413 426 Qui
444 391 582 427 pueros
613 381 706 417 mire
737 391 807 428 per
836 380 1006 418 flammas
1036 382 1105 426 ire,
1139 382 1266 418 redire

340 437 451 485 Cogis
481 437 729 488 inambustos,
763 438 941 484 hymnum
973 439 1043 475 tibi
1073 449 1242 485 pangere
1272 439 1405 484 iustos,

340 495 420 532 Ure
451 505 517 531 eor
548 500 585 531 et
616 505 726 531 renes
757 499 906 531 nostros
939 500 976 531 et
1008 494 1069 532 fac
1101 495 1172 532 tibi
1203 496 1320 533 lenes,

173 595 316 628 Collect.
343 606 405 627 ms.
433 596 649 637 Tegurinum
675 606 764 628 saec.
794 595 843 627 12.
889 597 974 628 Clm.
1001 598 1184 628 Monaeen.
1214 594 1253 627 18
1264 593 1340 627 580.
1366 596 1407 627 A.
1432 613 1475 616 —
1502 595 1648 627 Collect-

83 652 145 672 ms.
172 641 332 673 Roffense
366 651 455 673 saec.
492 639 542 672 12.
590 641 674 674 Cod.
700 642 868 673 Oxonien.
896 642 1005 674 Laud.
1031 642 1177 673 Miscell.
1203 639 1258 673 40.
1284 642 1322 672 B.
1348 658 1392 662 ——
1417 640 1559 672 Colleet.
1586 651 1647 671 ms.

81 687 299 718 Burtonense
324 697 414 719 saec.
442 684 493 718 13.
536 687 619 719 Cod.
637 686 829 718 Londinen.
849 688 954 729 Vesp.
972 687 1002 718 E
1020 688 1084 718 ΙΙΙ.
1104 687 1139 718 C.
1157 704 1200 708 —
1220 687 1362 719 Collect.
1382 697 1442 717 mS.
1462 686 1648 728 Anglieum

81 742 171 764 saec
209 730 259 763 13.
309 732 391 764 Cod.
426 733 598 765 Oxonien.
632 732 743 764 Laud.
776 733 923 764 Miscell.
957 731 1102 764 500.1).
1133 749 1175 753 —
1202 733 1346 764 Collect
1372 742 1433 763 ms.
1463 732 1646 772 Anglicum

80 775 721 819 500013.(30(1.ΟΧο111011.1)13·11)
747 776 799 809 65.
825 779 866 809 Ε.

169 821 260 862 3,1
289 823 462 856 sathanas
488 824 537 863 D,
572 823 705 855 Sathan
730 823 771 854 E.
799 840 841 844 —
867 822 904 863 3,
932 821 952 854 2
978 822 1071 854 trudi
1097 823 1138 854 D.
1165 841 1207 844 —
1233 820 1272 859 3,
1299 820 1320 853 3
1345 832 1408 853 1100
1433 832 1510 853 eun]
1538 822 1577 852 B.
1604 838 1646 842 -—

79 867 118 907 7,
144 867 164 900 2
190 879 279 900 mers
274 870 312 900 is
347 869 387 900 A.
413 885 456 890 -
482 866 521 905 8,
550 866 570 899 2
597 870 757 908 Quinque
783 869 820 900 C.
845 886 890 890 —
914 866 945 906 8,
971 866 992 900 3
1018 868 1065 900 Ut
1090 878 1297 910 quacunque
1322 868 1419 899 vales
1444 868 1484 899 B.
1511 884 1554 887 —
1577 867 1646 899 Str.

82 912 123 946 14
156 914 247 946 steht
274 914 390 946 hinter
416 912 456 945 16
484 914 525 945 E.
551 931 596 935 —-
623 912 674 951 15,
701 911 721 945 3
746 915 879 946 Discite
904 916 944 946 B.
970 931 1013 935 —
1042 911 1137 951 16,1
1166 915 1354 955 requiescit
1380 913 1448 944 AC.
1477 930 1516 934 —-
1548 909 1597 947 16,
1625 909 1646 944 3

79 970 183 991 sanas
209 960 280 992 CD.
306 977 349 981 —
377 957 427 998 18,
453 957 474 990 2
498 959 641 991 delectis
666 960 709 991 D.
736 976 778 981 —-
807 957 857 998 19,
883 957 903 990 2
928 970 1031 1001 quem
1056 960 1194 990 clavum
1219 958 1295 990 fixit
1313 959 1524 989 A201avum
1543 968 1644 999 quem

78 1005 155 1036 fixit
185 1005 319 1037 BCDE.
353 1022 397 1026 —
433 1003 489 1042 19,
523 1002 544 1036 3
576 1005 655 1046 Exp
658 1006 748 1037 idias
781 1005 821 1036 A.
850 1025 891 1027 —
919 1004 979 1043 21,
1016 1005 1030 1036 1
1068 1005 1210 1036 salvans
1235 1006 1276 1036 A.
1302 1021 1345 1025 —
1371 1002 1432 1041 24,
1465 1002 1479 1035 1
1509 1003 1643 1035 dederis

79 1052 183 1083 BCD.
210 1067 251 1071 —
277 1048 331 1089 29,
357 1048 378 1082 2
402 1051 467 1082 tibi
492 1050 577 1082 fehlt
601 1051 643 1082 Ε.
669 1069 712 1072 -
738 1047 780 1082 In
806 1051 898 1082 allen
924 1052 1006 1082 Hss.
1031 1050 1114 1092 geht
1139 1050 1206 1082 Str.
1235 1048 1250 1081 1
1278 1060 1424 1081 vorans:

344 1119 489 1151 Fecerat
513 1122 547 1150 et
571 1119 760 1150 monachus
786 1119 849 1151 sub
877 1119 997 1150 eodem
1022 1122 1176 1160 tempore
1201 1118 1362 1149 Malchus

347 1164 525 1204 Quaedam
551 1166 681 1206 scripta
705 1175 844 1204 precum
868 1164 999 1196 faciens
1025 1164 1090 1195 1100
1116 1164 1236 1195 ordine
1262 1173 1388 1201 seeum,

346 1210 413 1241 Illa
437 1211 622 1252 peroravit,
649 1210 784 1241 calamo
811 1214 983 1251 cantuque
1008 1211 1155 1241 notavit.

74 1279 138 1310 BD
162 1278 277 1309 haben
301 1287 357 1309 am
382 1278 502 1309 Raude
528 1289 570 1309 zu
597 1277 663 1309 Str.
689 1275 733 1309 20
757 1278 813 1309 die
840 1278 983 1310 Glosse:

662 1343 826 1377 Primum
854 1345 994 1388 εἵργων]
1008 1358 1017 1376 .-

346 1392 437 1423 Rore
461 1391 578 1423 madet
602 1391 727 1431 vellus,
754 1393 818 1423 sub
844 1402 921 1423 rore
945 1392 984 1422 fit
1009 1391 1107 1422 arida
1131 1390 1246 1423 tellus.

662 1435 887 1469 Secundum.-

343 1483 445 1514 Aruit
471 1486 504 1514 et
527 1482 652 1521 vellus,
678 1483 811 1514 maduit
836 1483 899 1514 sub
926 1483 1056 1514 vellere
1081 1482 1196 1514 tellus.

71 1551 100 1582 B
127 1554 214 1582 setzt
238 1551 294 1583 die
319 1551 444 1583 beiden
469 1551 577 1583 Verse
602 1561 706 1592 sogar
730 1553 767 1582 in
792 1551 858 1583 den
883 1552 982 1583 Tex‘s.

346 1707 428 1743 ess,
463 1707 522 1751 (2.)
557 1708 843 1743 Tetrastichon
869 1684 1017 1744 Malcin·
1049 1708 1095 1744 ed
1120 1708 1247 1742 fflium
1272 1707 1361 1743 Dei.

184 1802 221 1841 1.
270 1802 433 1850 Christe,
465 1803 587 1848 patris
619 1803 789 1848 verbum,
821 1804 884 1851 qui
917 1804 1082 1840 destruis
1114 1813 1223 1840 omne
1253 1802 1473 1849 superbum,

266 1859 426 1896 Exaltas
456 1859 631 1908 humiles,
664 1860 829 1897 tumidos
860 1867 1014 1907 reputas
1045 1860 1116 1896 tibi
1147 1860 1256 1911 viles,

269 1916 361 1954 Cum
393 1921 503 1963 patre
534 1916 725 1964 maiestas,
759 1918 819 1954 eui
850 1917 982 1966 gloria,
1016 1928 1161 1954 summa
1191 1921 1384 1963 potestas;

268 1972 364 2010 Esto
394 1983 538 2010 memor
566 1984 786 2022 memorum,
818 1985 969 2011 remove
999 1985 1116 2021 genus
1147 1984 1256 2010 omne
1286 1977 1487 2013 tumorum.

182 2075 220 2114 2.
268 2075 411 2113 Faotor
441 2073 613 2113 facturae
643 2077 791 2113 ratione
822 2076 892 2113 tibi
923 2077 1148 2125 placiturae,

265 2130 356 2169 Cum
388 2143 462 2169 non
495 2143 671 2177 essemus,
705 2134 767 2180 qui
800 2132 951 2181 feceris⁷
981 2137 1023 2170 ut
1053 2132 1240 2179 fieremus,

261 2188 408 2235 Lapsos
439 2194 572 2235 postea
601 2201 670 2227 nos
700 2190 804 2227 tollis
837 2191 883 2227 de
915 2191 1070 2237 pulvere
1103 2200 1235 2238 sanos3

264 2244 376 2282 Nunc
406 2246 518 2283 etiam
550 2258 642 2284 sana
668 2258 765 2284 nova
796 2247 955 2284 vulnera
986 2252 1021 2283 et
1054 2250 1244 2285 veterana.

178 2347 217 2386 3.
264 2347 420 2394 Virgine
451 2348 498 2385 de
529 2359 638 2385 sacra
669 2349 750 2385 sine
782 2350 924 2385 semine
954 2349 1014 2396 qui
1048 2359 1136 2385 caro
1167 2358 1277 2384 sacra

263 2403 315 2441 Et
345 2404 447 2441 Deus
478 2405 671 2452 egrederis
703 2410 740 2441 et
770 2406 808 2442 in
840 2406 912 2442 hae
943 2406 1104 2442 hominis
1136 2404 1340 2443 miserens

263 2460 325 2498 Sic
356 2461 443 2509 duo,
475 2462 529 2498 sic
558 2473 686 2509 unum,
718 2472 765 2499 ne
796 2462 847 2498 sis
879 2463 965 2510 duo,
997 2462 1181 2508 Christus,
1211 2465 1249 2498 at
1280 2471 1407 2506 unum,

260 2516 319 2554 Ne
350 2523 435 2555 ruat
462 2518 502 2555 in
532 2519 652 2565 peius,
686 2519 872 2555 hominem
906 2530 1028 2568 serva,
1060 2530 1176 2566 genus
1208 2518 1299 2556 eius,

176 2620 215 2657 4.
263 2619 325 2657 Sic
354 2620 478 2668 homo,
515 2620 569 2657 sic
601 2621 703 2658 Deus
735 2632 785 2669 eS‚
819 2633 893 2658 11011
923 2633 1018 2658 unus
1049 2628 1090 2659 ut>
1121 2631 1203 2658 esse
1235 2629 1400 2666 recuses,

261 2675 324 2713 Sic
355 2687 455 2720 caro,
489 2678 543 2714 sic
573 2679 698 2714 anima
731 2679 816 2719 duo,
848 2678 916 2715 sed
948 2679 1162 2717 substantia
1193 2678 1316 2725 prima

260 2732 310 2769 Et
341 2734 487 2779 species
516 2734 691 2784 simplex,
723 2735 885 2771 hominis
917 2735 1129 2772 substantia
1161 2735 1322 2782 duplex3

260 2788 423 2837 Respice
453 2790 682 2838 figmentum,
716 2802 804 2828 caro
837 2802 1000 2839 carnem,
1033 2792 1202 2829 membra
1232 2796 1445 2839 parentum.
