1785 3111
696 70 1012 110 —193—

327 187 363 224 5.
413 184 467 223 Ut-
496 195 581 222 cum
611 183 867 222 flammivoma,
897 185 996 222 nube
1028 185 1233 222 reverteris

413 241 571 280 Occulta
603 242 795 279 hominum
827 243 997 288 pandere
1026 242 1214 290 iudicans,

412 299 499 335 Non
533 299 598 335 des
631 299 822 345 supplicia
852 299 1009 336 horrida
1041 298 1179 347 noxiis,

542 356 618 394 Sed
649 356 758 392 iustis
790 355 890 393 bona
918 355 1102 402 praemia.

328 460 365 496 6.
415 459 572 495 Praesta
604 458 687 501 hoc,
721 458 870 506 genitor
901 458 1043 504 optime
1073 457 1250 496 maxime.

415 515 498 552 Hoc
529 521 582 561 tu,
614 519 702 551 nate
731 515 803 551 Dei
833 519 870 550 et
898 514 995 551 bone
1027 515 1198 560 spiritus,

415 572 593 618 Regnans
625 577 810 618 perpetuo
842 570 989 618 fulgida
1019 571 1171 608 trinitas

549 629 622 665 Per
653 634 788 665 cuncta
818 630 881 675 pie
909 628 1075 667 saecula.

158 729 301 762 Collect.
327 740 389 760 ms.
416 729 700 761 Emmeramense
726 739 815 761 saec.
841 727 872 759 9.
914 728 1001 760 olm.
1019 729 1203 760 Monacen.
1232 726 1360 759 14461.
1388 728 1465 760 add.
1492 739 1582 760 saec.
1608 727 1638 760 9.

65 775 106 807 A.
139 793 182 796 —
218 775 285 807 Rit.
320 778 354 806 et
385 774 503 815 hymn.
537 785 599 806 ms.
636 774 906 806 Scheftlariense
940 782 1030 805 saec.
1068 772 1119 805 10.
1172 774 1248 805 Clm
1294 775 1475 805 Monacen.
1514 771 1640 805 17027.

65 822 105 853 B.
131 838 174 842 —-
200 821 303 852 Mart.
328 823 363 852 et
387 820 571 852 Collectar.
598 830 660 851 ms.
688 819 721 851 S.
748 821 883 851 Mariae
909 820 1104 861 Frisingen.
1131 830 1222 851 saec.
1250 818 1300 850 10.
1343 820 1430 850 Clm.
1455 820 1638 851 Monacen.

65 864 194 898 27305.
222 867 258 898 C.
284 883 328 887 —-
355 866 484 907 Hylnn.
518 877 581 897 ms.
608 867 845 897 Beneventan.
873 875 961 896 saec.
990 863 1042 897 10.
1075 876 1126 896 ex.
1175 865 1259 897 Cod.
1285 865 1446 896 Vatican.
1473 866 1641 897 (⁷)tt0b0n.

69 910 143 943 145.
171 913 212 943 D.
239 929 283 932 —
308 913 437 953 Hymn.
463 921 525 942 ms.
555 912 746 943 Casinense
772 921 863 942 saec.
892 909 942 942 10.
985 911 1068 942 Cod.
1096 911 1258 942 Casinen.
1285 908 1361 942 506.
1386 910 1426 941 Ε.
1447 927 1488 932 -——
1511 911 1640 951 Hymni.

66 961 100 989 et
134 958 213 999 Seq.
247 967 310 988 ms.
343 956 625 988 Fredeslariense
659 967 748 988 saec.
789 955 839 988 11.
889 956 974 988 cod.
1008 957 1187 987 Casselan.
1222 957 1327 987 theol.
1362 957 1422 988 IV.
1456 954 1509 986 25.
1538 957 1573 987 F.
1600 973 1643 977 —-

67 1003 177 1034 Psalt.
212 1006 247 1034 et
276 1002 393 1044 hymn.
420 1012 482 1033 mS.
509 1002 675 1034 Farsense
701 1012 790 1033 saec.
820 1000 870 1032 11.
921 1001 1002 1033 Cod.
1031 1003 1175 1033 Roman.
1201 1000 1264 1033 175
1289 1002 1438 1035 ‹Farfen.
1464 1000 1509 1035 4.)
1534 1003 1573 1034 G.
1599 1019 1641 1023 —

68 1049 197 1089 Hymn.
224 1058 284 1079 ms.
311 1049 513 1080 Veronense
539 1058 629 1080 saeC.
660 1046 709 1078 11.
752 1048 835 1079 Cod.
863 1048 975 1088 Capit.
1001 1048 1173 1079 Veronen.
1203 1046 1265 1079 109
1290 1045 1391 1087 (102).
1414 1048 1459 1078 Η.
1479 1065 1520 1067 -
1538 1049 1642 1089 Trop.

66 1105 129 1125 ms.
165 1093 198 1124 S.
234 1093 414 1126 Benedicti
440 1093 626 1124 Mantuani
660 1104 749 1124 saec.
778 1092 829 1124 11.
879 1093 962 1124 Cod.
989 1093 1104 1134 Capit.
1131 1094 1304 1125 Veronen.
1332 1091 1395 1124 107
1420 1091 1521 1132 (100).
1548 1094 1575 1125 Ι.
1600 1110 1645 1114 -

68 1141 168 1171 Brev.
196 1150 257 1170 ms.
284 1140 495 1171 Secoviense
521 1149 611 1171 saec.
640 1138 725 1170 ¹¹.'12.
777 1138 858 1171 Cod.
886 1139 1053 1170 Graecen.
1080 1137 1158 1170 770.
1185 1140 1227 1170 K.
1254 1156 1296 1159 —
1322 1140 1423 1170 Brev.
1451 1149 1512 1169 mS.
1542 1140 1643 1171 Seco-

70 1186 187 1216 viense
219 1195 309 1216 saec.
345 1182 396 1216 12.
447 1184 530 1216 Cod.
560 1184 728 1216 Graecen.
755 1182 830 1216 763.
856 1184 896 1215 L.
926 1201 968 1205 -—
995 1185 1096 1216 Brev.
1137 1195 1199 1215 ms.
1227 1185 1435 1216 Secoviense
1473 1195 1562 1218 saec.
1592 1183 1643 1216 12.

69 1230 154 1262 Cod.
189 1230 355 1262 Graecen.
387 1227 466 1262 864.
501 1231 548 1262 Μ.
581 1248 627 1251 -
662 1231 761 1262 Brev.
798 1240 860 1260 mS.
899 1230 1098 1271 Superioris
1133 1230 1259 1261 Althae
1293 1240 1381 1261 saec.
1418 1228 1503 1262 Usi-2.
1558 1230 1644 1262 Clm.

68 1277 250 1308 Monacen.
276 1273 375 1307 9633.
401 1276 444 1308 N.
471 1292 515 1297 —
539 1276 723 1307 Browerus
750 1287 782 1317 p.
809 1273 869 1314 733
897 1276 1078 1307 Diinnnler
1102 1277 1146 1313 H,
1174 1274 1250 1306 249.

166 1322 191 1352 1.
220 1320 236 1352 1
265 1321 318 1353 bis
343 1318 375 1359 3,
401 1319 422 1352 2
446 1321 563 1353 fehlen
592 1321 627 1352 C.
647 1338 689 1342 ——
711 1320 741 1358 2,
772 1321 785 1352 1
807 1321 1052 1353 Conscendens
1078 1322 1205 1353 iubilat
1224 1322 1272 1357 (ἧς
1299 1320 1499 1352 Ascendens
1517 1321 1645 1353 iubilat

69 1367 110 1398 D.
137 1385 181 1388 —
206 1365 237 1405 2,
269 1364 291 1397 4
315 1367 450 1398 Victori
476 1367 568 1399 bono
596 1368 637 1398 D.
664 1385 707 1389 —
733 1364 763 1402 3,
801 1365 815 1397 1
844 1370 976 1397 tartara
1003 1368 1163 1398 vinxerat
1186 1368 1299 1399 DGH.
1325 1385 1368 1389 —-
1393 1363 1424 1404 3,
1462 1364 1482 1398 3
1508 1367 1644 1397 rediens

73 1413 190 1444 KLM:
226 1413 338 1443 Brow.
365 1432 407 1435 -—
442 1410 480 1449 4,
507 1410 528 1443 2
560 1417 704 1454 protege
738 1414 774 1444 Β.
801 1429 844 1433 -
879 1410 920 1449 4,
945 1410 966 1443 3
1000 1412 1181 1444 doemonis
1208 1414 1246 1444 F.
1274 1429 1315 1432 —
1348 1410 1387 1451 4,
1415 1410 1436 1443 3
1462 1413 1646 1454 Dimergat

71 1459 277 1490 BCKLMN.
298 1475 337 1479 —-
358 1456 388 1498 5,
417 1456 433 1489 1
452 1458 502 1489 Ut
518 1469 594 1489 cum
615 1460 651 1489 in
668 1459 902 1489 flammivoma
921 1458 998 1497 AG,
1029 1460 1092 1489 rnit
1112 1456 1141 1494 5,
1168 1458 1181 1489 1
1202 1458 1317 1490 bricht
1335 1459 1351 1489 I
1372 1458 1427 1489 ab.
1445 1475 1487 1478 —
1507 1457 1536 1496 5,
1556 1456 1576 1489 3
1594 1458 1645 1489 Ne

72 1503 143 1542 des,
170 1505 280 1535 b’row.
308 1520 350 1525 —
377 1501 406 1542 6,
438 1502 458 1535 3
488 1505 628 1545 Regnas
653 1505 706 1543 H,
734 1507 902 1545 perpetua
926 1503 975 1535 E:
1003 1507 1168 1545 perpetue
1194 1505 1236 1535 D.
1264 1521 1307 1525 —
1336 1504 1397 1543 „In
1420 1503 1646 1543 Ascensione,

74 1550 111 1580 in
136 1549 318 1581 Laudibus
343 1550 400 1581 vel
426 1547 600 1590 vesperis“
628 1550 676 1590 G3
706 1550 767 1591 „In
793 1549 927 1590 vigilia
953 1550 1180 1581 Ascensionis
1206 1549 1250 1581 ad
1275 1547 1461 1591 vesperas“
1490 1550 1534 1581 H.

463 1705 545 1741 114.
580 1705 661 1748 (13.)
697 1706 873 1749 Hymnus
898 1705 941 1740 in
965 1706 1255 1741 Pentecosten.

90 1812 127 1849 1.
161 1811 256 1848 veni
290 1816 450 1857 creator,
482 1812 649 1861 spiritus,
910 1815 949 1850 4.
982 1813 1164 1849 Accende
1196 1813 1321 1850 lumen
1354 1813 1538 1862 sensibus,

159 1869 309 1905 Montes
341 1874 492 1905 tuorum
523 1869 648 1917 visita,
981 1868 1148 1906 Infunde
1179 1880 1345 1906 amorem
1378 1870 1568 1919 cordibus,

159 1925 281 1972 Imple
312 1936 477 1972 superna
507 1925 644 1973 gratia,
982 1925 1140 1963 Infirma
1171 1927 1292 1963 nostri
1325 1927 1495 1974 corporis

161 1983 264 2028 Quae
291 1986 333 2019 tu
364 1982 503 2019 creasti
533 1988 701 2029 pectora.
985 1983 1135 2020 Virtute
1165 1982 1320 2020 firmans
1352 1984 1516 2031 perpeti.

91 2088 128 2126 2.
162 2087 232 2134 Qui
262 2087 480 2134 paracletus
513 2087 666 2133 diceris,
913 2091 949 2126 5.
982 2088 1141 2124 Hostem
1173 2089 1339 2137 repellas
1371 2089 1518 2135 longius

159 2144 306 2181 Donum
339 2144 412 2181 Dei
442 2144 630 2190 altissimi,
986 2145 1196 2192 Pacemque
1229 2145 1345 2182 dones
1376 2146 1562 2196 protinus,

159 2200 261 2238 Fons
290 2201 410 2250 vivus»,
442 2201 554 2250 ignis,
588 2201 727 2238 caritas
982 2202 1151 2239 Ductore
1182 2203 1237 2238 sic
1268 2206 1305 2239 te
1336 2203 1492 2251 praevio

162 2257 212 2294 Et
242 2257 428 2305 spiritalis
459 2258 600 2297 unctio.
985 2259 1156 2295 vitemus
1188 2270 1297 2295 omne
1328 2260 1496 2299 noxium.

97 2362 133 2397 3.
166 2360 223 2396 Tu
254 2358 489 2406 septiformis
521 2370 690 2407 munere,
913 2361 951 2399 6.
983 2361 1056 2397 Per
1087 2364 1124 2396 te
1155 2361 1330 2405 sciamus,
1366 2361 1427 2407 da,
1459 2366 1608 2408 patrem

164 2416 332 2453 Dextrae
358 2416 431 2454 Dei
461 2420 502 2453 tu
535 2417 691 2464 digitus,
984 2416 1195 2454 Noscamus
1226 2422 1339 2464 atque
1370 2417 1502 2465 filium,

162 2473 219 2510 Tu
255 2473 328 2510 rite
359 2473 547 2520 promisso
579 2474 699 2520 patris
984 2474 1039 2510 Te
1070 2474 1266 2521 utriusque
1297 2475 1473 2521 spiritum

164 2529 346 2567 Sermone
378 2530 504 2567 ditans
532 2535 697 2578 guttura.
986 2530 1194 2568 Credamus
1227 2532 1327 2568 omni
1357 2536 1543 2579 tempore,

483 2633 519 2670 7.
554 2633 729 2679 Praesta,
761 2636 872 2678 pater
902 2632 1087 2681 piissime,

555 2687 741 2735 Patrique
774 2700 928 2735 compar
957 2690 1068 2725 unice

553 2747 647 2784 Cum
681 2746 820 2792 spiritu
851 2746 1039 2792 paraclito

553 2803 731 2849 Regnans
765 2813 833 2849 per
862 2813 972 2839 omne
1003 2803 1212 2841 saeculum.

146 2867 311 2900 Dreves,
337 2869 543 2897 Lateinische
566 2871 858 2905 Hymnendichter.
898 2871 941 2898 II.
1405 2867 1446 2899 1:3¹,
