<?xml version="1.0" encoding="UTF-8"?>
<!DOCTYPE html PUBLIC "-//W3C//DTD XHTML 1.0 Transitional//EN"
    "http://www.w3.org/TR/xhtml1/DTD/xhtml1-transitional.dtd">
<html xmlns="http://www.w3.org/1999/xhtml" xml:lang="en" lang="en">
 <head>
  <title>
</title>
<meta http-equiv="Content-Type" content="text/html;charset=utf-8" />
  <meta name='ocr-system' content='tesseract 3.04.00' />
  <meta name='ocr-capabilities' content='ocr_page ocr_carea ocr_par ocr_line ocrx_word'/>
</head>
<body>
  <div class='ocr_page' id='page_1' title='image "./analectahymnicam50drevuoft/analectahymnicam50drevuoft_0368.png"; bbox 0 0 1785 3111; ppageno 0'>
   <div class='ocr_carea' id='block_1_1' title="bbox 786 46 1096 86">
    <p class='ocr_par' dir='ltr' id='par_1_1' title="bbox 786 46 1096 86">
     <span class='ocr_line' id='line_1_1' title="bbox 786 46 1096 86; baseline -0.003 0"><span class='ocrx_word' id='word_1_1' title='bbox 786 46 1096 86; x_wconf 77' lang='lat'>—348—</span> 
     </span>
    </p>
   </div>
   <div class='ocr_carea' id='block_1_2' title="bbox 545 225 1315 266">
    <p class='ocr_par' dir='ltr' id='par_1_2' title="bbox 545 225 1315 266">
     <span class='ocr_line' id='line_1_2' title="bbox 545 225 1315 266; baseline 0.003 -7"><span class='ocrx_word' id='word_1_2' title='bbox 545 226 621 259; x_wconf 71' lang='lat'>269.</span> <span class='ocrx_word' id='word_1_3' title='bbox 658 226 716 266; x_wconf 86' lang='grc'>(6.)</span> <span class='ocrx_word' id='word_1_4' title='bbox 750 226 801 259; x_wconf 93' lang='lat' dir='ltr'>In</span> <span class='ocrx_word' id='word_1_5' title='bbox 829 225 1101 261; x_wconf 83' lang='lat' dir='ltr'>Conversione</span> <span class='ocrx_word' id='word_1_6' title='bbox 1127 235 1159 261; x_wconf 85' lang='lat' dir='ltr'>s.</span> <span class='ocrx_word' id='word_1_7' title='bbox 1184 225 1315 261; x_wconf 85' lang='lat' dir='ltr'>Pauli.</span> 
     </span>
    </p>
   </div>
   <div class='ocr_carea' id='block_1_3' title="bbox 615 319 1043 367">
    <p class='ocr_par' dir='ltr' id='par_1_3' title="bbox 615 319 1043 367">
     <span class='ocr_line' id='line_1_3' title="bbox 615 319 1043 367; baseline -0.002 -9"><span class='ocrx_word' id='word_1_8' title='bbox 615 321 650 358; x_wconf 90' lang='lat'>1.</span> <span class='ocrx_word' id='word_1_9' title='bbox 699 319 807 356; x_wconf 83' lang='lat' dir='ltr'>Dixit</span> <span class='ocrx_word' id='word_1_10' title='bbox 838 319 1043 367; x_wconf 84' lang='lat' dir='ltr'><strong>Dominus:</strong></span> 
     </span>
    </p>
   </div>
   <div class='ocr_carea' id='block_1_4' title="bbox 703 376 933 480">
    <p class='ocr_par' dir='ltr' id='par_1_4' title="bbox 703 376 933 480">
     <span class='ocr_line' id='line_1_4' title="bbox 707 376 910 412; baseline 0 0"><span class='ocrx_word' id='word_1_11' title='bbox 707 386 753 412; x_wconf 88' lang='lat' dir='ltr'>ex</span> <span class='ocrx_word' id='word_1_12' title='bbox 784 376 910 412; x_wconf 84' lang='lat' dir='ltr'>Basan</span> 
     </span>
     <span class='ocr_line' id='line_1_5' title="bbox 703 436 933 480; baseline -0.004 -11"><span class='ocrx_word' id='word_1_13' title='bbox 703 436 933 480; x_wconf 82' lang='lat' dir='ltr'>convertam,</span> 
     </span>
    </p>
   </div>
   <div class='ocr_carea' id='block_1_5' title="bbox 705 487 1410 535">
    <p class='ocr_par' dir='ltr' id='par_1_5' title="bbox 705 487 1410 535">
     <span class='ocr_line' id='line_1_6' title="bbox 705 487 1410 535; baseline 0.001 -10"><span class='ocrx_word' id='word_1_14' title='bbox 705 493 921 527; x_wconf 82' lang='lat' dir='ltr'>convertam</span> <span class='ocrx_word' id='word_1_15' title='bbox 955 488 993 525; x_wconf 90' lang='lat' dir='ltr'>in</span> <span class='ocrx_word' id='word_1_16' title='bbox 1022 487 1251 535; x_wconf 90' lang='lat' dir='ltr'>profundum</span> <span class='ocrx_word' id='word_1_17' title='bbox 1280 489 1410 526; x_wconf 85' lang='lat' dir='ltr'>maris.</span> 
     </span>
    </p>
   </div>
   <div class='ocr_carea' id='block_1_6' title="bbox 167 590 711 743">
    <p class='ocr_par' dir='ltr' id='par_1_6' title="bbox 167 590 711 743">
     <span class='ocr_line' id='line_1_7' title="bbox 167 590 711 638; baseline -0.007 -7"><span class='ocrx_word' id='word_1_18' title='bbox 167 595 240 632; x_wconf 85' lang='lat' dir='ltr'>2a.</span> <span class='ocrx_word' id='word_1_19' title='bbox 273 592 381 638; x_wconf 78' lang='lat' dir='ltr'>Quod</span> <span class='ocrx_word' id='word_1_20' title='bbox 414 591 509 629; x_wconf 81' lang='lat' dir='ltr'>dixit</span> <span class='ocrx_word' id='word_1_21' title='bbox 541 595 576 628; x_wconf 87' lang='lat' dir='ltr'>et</span> <span class='ocrx_word' id='word_1_22' title='bbox 609 590 711 638; x_wconf 85' lang='lat' dir='ltr'>fecit,</span> 
     </span>
     <span class='ocr_line' id='line_1_8' title="bbox 277 648 671 687; baseline -0.01 0"><span class='ocrx_word' id='word_1_23' title='bbox 277 649 431 687; x_wconf 86' lang='lat' dir='ltr'>Saulum</span> <span class='ocrx_word' id='word_1_24' title='bbox 463 653 504 684; x_wconf 90' lang='lat' dir='ltr'>ut</span> <span class='ocrx_word' id='word_1_25' title='bbox 535 648 671 685; x_wconf 80' lang='lat' dir='ltr'>stravit</span> 
     </span>
     <span class='ocr_line' id='line_1_9' title="bbox 278 705 666 743; baseline -0.008 0"><span class='ocrx_word' id='word_1_26' title='bbox 278 707 434 743; x_wconf 88' lang='lat' dir='ltr'>Paulum</span> <span class='ocrx_word' id='word_1_27' title='bbox 467 709 503 741; x_wconf 91' lang='lat' dir='ltr'>et</span> <span class='ocrx_word' id='word_1_28' title='bbox 534 705 666 741; x_wconf 81' lang='lat' dir='ltr'>statuit</span> 
     </span>
    </p>
   </div>
   <div class='ocr_carea' id='block_1_7' title="bbox 161 807 730 911">
    <p class='ocr_par' dir='ltr' id='par_1_7' title="bbox 161 807 730 911">
     <span class='ocr_line' id='line_1_10' title="bbox 161 807 730 854; baseline -0.009 -7"><span class='ocrx_word' id='word_1_29' title='bbox 161 810 184 847; x_wconf 85' lang='lat'><strong>3</strong></span> <span class='ocrx_word' id='word_1_30' title='bbox 205 819 239 846; x_wconf 86' lang='lat' dir='ltr'>a.</span> <span class='ocrx_word' id='word_1_31' title='bbox 271 807 378 853; x_wconf 83' lang='lat' dir='ltr'>Quod</span> <span class='ocrx_word' id='word_1_32' title='bbox 414 807 502 843; x_wconf 89' lang='lat' dir='ltr'>dum</span> <span class='ocrx_word' id='word_1_33' title='bbox 534 807 730 854; x_wconf 84' lang='lat' dir='ltr'>impugnat</span> 
     </span>
     <span class='ocr_line' id='line_1_11' title="bbox 278 863 604 911; baseline -0.006 -10"><span class='ocrx_word' id='word_1_34' title='bbox 278 863 444 901; x_wconf 88' lang='lat' dir='ltr'>audivit:</span> <span class='ocrx_word' id='word_1_35' title='bbox 480 863 604 911; x_wconf 85' lang='lat' dir='ltr'>Saule,</span> 
     </span>
    </p>
   </div>
   <div class='ocr_carea' id='block_1_8' title="bbox 279 918 908 970">
    <p class='ocr_par' dir='ltr' id='par_1_8' title="bbox 279 918 908 970">
     <span class='ocr_line' id='line_1_12' title="bbox 279 918 908 970; baseline -0.005 -13"><span class='ocrx_word' id='word_1_36' title='bbox 279 921 404 970; x_wconf 85' lang='lat' dir='ltr'>Saule,</span> <span class='ocrx_word' id='word_1_37' title='bbox 436 920 527 966; x_wconf 84' lang='lat' dir='ltr'>quid</span> <span class='ocrx_word' id='word_1_38' title='bbox 558 930 617 956; x_wconf 91' lang='lat' dir='ltr'>me</span> <span class='ocrx_word' id='word_1_39' title='bbox 639 918 908 966; x_wconf 72' lang='lat' dir='ltr'>prosequeris?</span> 
     </span>
    </p>
   </div>
   <div class='ocr_carea' id='block_1_9' title="bbox 159 1021 712 1239">
    <p class='ocr_par' dir='ltr' id='par_1_9' title="bbox 159 1021 712 1239">
     <span class='ocr_line' id='line_1_13' title="bbox 159 1021 436 1063; baseline -0.014 -1"><span class='ocrx_word' id='word_1_40' title='bbox 159 1026 184 1062; x_wconf 91' lang='lat'>4</span> <span class='ocrx_word' id='word_1_41' title='bbox 207 1035 240 1063; x_wconf 85' lang='lat' dir='ltr'>a.</span> <span class='ocrx_word' id='word_1_42' title='bbox 273 1024 306 1060; x_wconf 93' lang='lat' dir='ltr'>A</span> <span class='ocrx_word' id='word_1_43' title='bbox 339 1021 436 1059; x_wconf 89' lang='lat' dir='ltr'>facie</span> 
     </span>
     <span class='ocr_line' id='line_1_14' title="bbox 275 1080 649 1117; baseline -0.005 0"><span class='ocrx_word' id='word_1_44' title='bbox 275 1080 427 1117; x_wconf 88' lang='lat' dir='ltr'>Domini</span> <span class='ocrx_word' id='word_1_45' title='bbox 459 1083 560 1116; x_wconf 87' lang='lat' dir='ltr'>mota</span> <span class='ocrx_word' id='word_1_46' title='bbox 592 1085 649 1115; x_wconf 81' lang='lat' dir='ltr'>est</span> 
     </span>
     <span class='ocr_line' id='line_1_15' title="bbox 277 1136 712 1182; baseline 0 -10"><span class='ocrx_word' id='word_1_47' title='bbox 277 1140 380 1173; x_wconf 87' lang='lat' dir='ltr'>terra</span> <span class='ocrx_word' id='word_1_48' title='bbox 412 1136 712 1182; x_wconf 79' lang='lat' dir='ltr'>contremuitque</span> 
     </span>
     <span class='ocr_line' id='line_1_16' title="bbox 272 1192 609 1239; baseline 0.009 -10"><span class='ocrx_word' id='word_1_49' title='bbox 272 1204 358 1229; x_wconf 84' lang='lat' dir='ltr'>mox</span> <span class='ocrx_word' id='word_1_50' title='bbox 388 1197 425 1229; x_wconf 86' lang='lat' dir='ltr'>et</span> <span class='ocrx_word' id='word_1_51' title='bbox 455 1192 609 1239; x_wconf 88' lang='lat' dir='ltr'>quievit.</span> 
     </span>
    </p>
   </div>
   <div class='ocr_carea' id='block_1_10' title="bbox 162 1295 737 1512">
    <p class='ocr_par' dir='ltr' id='par_1_10' title="bbox 162 1295 737 1512">
     <span class='ocr_line' id='line_1_17' title="bbox 162 1295 706 1341; baseline -0.006 -8"><span class='ocrx_word' id='word_1_52' title='bbox 162 1298 183 1333; x_wconf 83' lang='lat'>5</span> <span class='ocrx_word' id='word_1_53' title='bbox 204 1308 238 1336; x_wconf 86' lang='lat' dir='ltr'>a.</span> <span class='ocrx_word' id='word_1_54' title='bbox 270 1295 371 1332; x_wconf 77' lang='lat' dir='ltr'>Hinc</span> <span class='ocrx_word' id='word_1_55' title='bbox 401 1295 529 1341; x_wconf 82' lang='lat' dir='ltr'>lingua</span> <span class='ocrx_word' id='word_1_56' title='bbox 560 1299 706 1331; x_wconf 84' lang='lat' dir='ltr'>tuorum</span> 
     </span>
     <span class='ocr_line' id='line_1_18' title="bbox 273 1358 543 1388; baseline -0.004 0"><span class='ocrx_word' id='word_1_57' title='bbox 273 1358 331 1388; x_wconf 82' lang='lat' dir='ltr'>est</span> <span class='ocrx_word' id='word_1_58' title='bbox 361 1363 493 1388; x_wconf 84' lang='lat' dir='ltr'>canum</span> <span class='ocrx_word' id='word_1_59' title='bbox 540 1376 543 1380; x_wconf 79' lang='lat'><em>-</em></span> 
     </span>
     <span class='ocr_line' id='line_1_19' title="bbox 277 1409 515 1445; baseline -0.004 0"><span class='ocrx_word' id='word_1_60' title='bbox 277 1420 322 1445; x_wconf 83' lang='lat' dir='ltr'>ex</span> <span class='ocrx_word' id='word_1_61' title='bbox 353 1409 515 1445; x_wconf 88' lang='lat' dir='ltr'>inimicis</span> 
     </span>
     <span class='ocr_line' id='line_1_20' title="bbox 277 1464 737 1512; baseline -0.004 -10"><span class='ocrx_word' id='word_1_62' title='bbox 277 1466 429 1502; x_wconf 86' lang='lat' dir='ltr'>rediens</span> <span class='ocrx_word' id='word_1_63' title='bbox 460 1466 509 1502; x_wconf 82' lang='lat' dir='ltr'>ad</span> <span class='ocrx_word' id='word_1_64' title='bbox 541 1468 589 1508; x_wconf 84' lang='lat' dir='ltr'>te,</span> <span class='ocrx_word' id='word_1_65' title='bbox 622 1464 737 1512; x_wconf 85' lang='lat' dir='ltr'>Deus,</span> 
     </span>
    </p>
   </div>
   <div class='ocr_carea' id='block_1_11' title="bbox 162 1567 814 1728">
    <p class='ocr_par' dir='ltr' id='par_1_11' title="bbox 162 1567 814 1728">
     <span class='ocr_line' id='line_1_21' title="bbox 162 1567 686 1617; baseline -0.01 -9"><span class='ocrx_word' id='word_1_66' title='bbox 162 1572 237 1609; x_wconf 79' lang='lat' dir='ltr'>6a.</span> <span class='ocrx_word' id='word_1_67' title='bbox 270 1569 419 1606; x_wconf 87' lang='lat' dir='ltr'>Docens</span> <span class='ocrx_word' id='word_1_68' title='bbox 452 1567 686 1617; x_wconf 79' lang='lat' dir='ltr'>crucifixum,</span> 
     </span>
     <span class='ocr_line' id='line_1_22' title="bbox 273 1625 600 1661; baseline -0.003 0"><span class='ocrx_word' id='word_1_69' title='bbox 273 1636 343 1661; x_wconf 91' lang='lat' dir='ltr'>nec</span> <span class='ocrx_word' id='word_1_70' title='bbox 374 1636 455 1661; x_wconf 85' lang='lat' dir='ltr'>esse</span> <span class='ocrx_word' id='word_1_71' title='bbox 486 1625 600 1661; x_wconf 86' lang='lat' dir='ltr'>alium</span> 
     </span>
     <span class='ocr_line' id='line_1_23' title="bbox 273 1681 814 1728; baseline -0.002 -11"><span class='ocrx_word' id='word_1_72' title='bbox 273 1686 428 1728; x_wconf 84' lang='lat' dir='ltr'>praeter</span> <span class='ocrx_word' id='word_1_73' title='bbox 457 1681 647 1719; x_wconf 77' lang='lat' dir='ltr'>Christum</span> <span class='ocrx_word' id='word_1_74' title='bbox 680 1681 814 1726; x_wconf 84' lang='lat' dir='ltr'>Deum,</span> 
     </span>
    </p>
   </div>
   <div class='ocr_carea' id='block_1_12' title="bbox 163 1783 861 2047">
    <p class='ocr_par' dir='ltr' id='par_1_12' title="bbox 163 1783 861 2047">
     <span class='ocr_line' id='line_1_24' title="bbox 163 1783 796 1829; baseline -0.005 -7"><span class='ocrx_word' id='word_1_75' title='bbox 163 1785 184 1822; x_wconf 85' lang='lat'>7</span> <span class='ocrx_word' id='word_1_76' title='bbox 204 1795 238 1822; x_wconf 84' lang='lat' dir='ltr'>a.</span> <span class='ocrx_word' id='word_1_77' title='bbox 267 1784 368 1821; x_wconf 91' lang='lat' dir='ltr'>Hinc</span> <span class='ocrx_word' id='word_1_78' title='bbox 398 1784 526 1829; x_wconf 74' lang='lat' dir='ltr'>lingua</span> <span class='ocrx_word' id='word_1_79' title='bbox 557 1783 796 1819; x_wconf 81' lang='lat' dir='ltr'>sacerdotum</span> 
     </span>
     <span class='ocr_line' id='line_1_25' title="bbox 276 1839 861 1886; baseline -0.003 -9"><span class='ocrx_word' id='word_1_80' title='bbox 276 1851 379 1877; x_wconf 88' lang='lat' dir='ltr'>more</span> <span class='ocrx_word' id='word_1_81' title='bbox 412 1840 515 1876; x_wconf 86' lang='lat' dir='ltr'>canis</span> <span class='ocrx_word' id='word_1_82' title='bbox 547 1841 634 1876; x_wconf 90' lang='lat' dir='ltr'>dum</span> <span class='ocrx_word' id='word_1_83' title='bbox 666 1839 861 1886; x_wconf 81' lang='lat' dir='ltr'>perlinxit,</span> 
     </span>
     <span class='ocr_line' id='line_1_26' title="bbox 277 1896 651 1944; baseline -0.003 -11"><span class='ocrx_word' id='word_1_84' title='bbox 277 1898 371 1944; x_wconf 83' lang='lat' dir='ltr'>legis</span> <span class='ocrx_word' id='word_1_85' title='bbox 401 1901 437 1933; x_wconf 90' lang='lat' dir='ltr'>et</span> <span class='ocrx_word' id='word_1_86' title='bbox 466 1896 651 1942; x_wconf 84' lang='lat' dir='ltr'>evangelii</span> 
     </span>
     <span class='ocr_line' id='line_1_27' title="bbox 273 1954 559 1991; baseline -0.007 0"><span class='ocrx_word' id='word_1_87' title='bbox 273 1954 366 1991; x_wconf 90' lang='lat' dir='ltr'>duos</span> <span class='ocrx_word' id='word_1_88' title='bbox 397 1954 559 1990; x_wconf 81' lang='lat' dir='ltr'>molares</span> 
     </span>
     <span class='ocr_line' id='line_1_28' title="bbox 273 2010 623 2047; baseline 0.003 -1"><span class='ocrx_word' id='word_1_89' title='bbox 273 2011 311 2046; x_wconf 90' lang='lat' dir='ltr'>in</span> <span class='ocrx_word' id='word_1_90' title='bbox 345 2010 401 2046; x_wconf 91' lang='lat' dir='ltr'>his</span> <span class='ocrx_word' id='word_1_91' title='bbox 433 2010 623 2047; x_wconf 79' lang='lat' dir='ltr'>contrivit.</span> 
     </span>
    </p>
   </div>
   <div class='ocr_carea' id='block_1_13' title="bbox 166 2112 772 2273">
    <p class='ocr_par' dir='ltr' id='par_1_13' title="bbox 166 2112 772 2273">
     <span class='ocr_line' id='line_1_29' title="bbox 166 2112 639 2158; baseline -0.004 -8"><span class='ocrx_word' id='word_1_92' title='bbox 166 2115 188 2150; x_wconf 72' lang='lat'>8</span> <span class='ocrx_word' id='word_1_93' title='bbox 207 2124 239 2151; x_wconf 88' lang='lat' dir='ltr'>a.</span> <span class='ocrx_word' id='word_1_94' title='bbox 272 2112 342 2158; x_wconf 82' lang='lat' dir='ltr'>Qui</span> <span class='ocrx_word' id='word_1_95' title='bbox 373 2112 639 2148; x_wconf 87' lang='lat' dir='ltr'>convertendis</span> 
     </span>
     <span class='ocr_line' id='line_1_30' title="bbox 278 2173 772 2205; baseline 0 -1"><span class='ocrx_word' id='word_1_96' title='bbox 278 2179 497 2205; x_wconf 84' lang='lat' dir='ltr'>conversum</span> <span class='ocrx_word' id='word_1_97' title='bbox 531 2173 772 2205; x_wconf 80' lang='lat' dir='ltr'>converteras</span> 
     </span>
     <span class='ocr_line' id='line_1_31' title="bbox 279 2225 751 2273; baseline -0.002 -11"><span class='ocrx_word' id='word_1_98' title='bbox 279 2226 449 2273; x_wconf 80' lang='lat' dir='ltr'>Paulum,</span> <span class='ocrx_word' id='word_1_99' title='bbox 482 2236 548 2262; x_wconf 89' lang='lat' dir='ltr'>vas</span> <span class='ocrx_word' id='word_1_100' title='bbox 579 2225 751 2272; x_wconf 88' lang='lat' dir='ltr'>electum,</span> 
     </span>
    </p>
   </div>
   <div class='ocr_carea' id='block_1_14' title="bbox 165 2327 820 2547">
    <p class='ocr_par' dir='ltr' id='par_1_14' title="bbox 165 2327 820 2547">
     <span class='ocr_line' id='line_1_32' title="bbox 165 2327 705 2373; baseline -0.006 -7"><span class='ocrx_word' id='word_1_101' title='bbox 165 2330 189 2366; x_wconf 78' lang='lat'>9</span> <span class='ocrx_word' id='word_1_102' title='bbox 215 2339 249 2366; x_wconf 87' lang='lat' dir='ltr'>a.</span> <span class='ocrx_word' id='word_1_103' title='bbox 280 2328 360 2373; x_wconf 77' lang='lat' dir='ltr'>Quo</span> <span class='ocrx_word' id='word_1_104' title='bbox 393 2327 552 2364; x_wconf 88' lang='lat' dir='ltr'>docente</span> <span class='ocrx_word' id='word_1_105' title='bbox 584 2327 705 2364; x_wconf 91' lang='lat' dir='ltr'>Deum</span> 
     </span>
     <span class='ocr_line' id='line_1_33' title="bbox 275 2383 712 2431; baseline 0.002 -12"><span class='ocrx_word' id='word_1_106' title='bbox 275 2394 379 2420; x_wconf 85' lang='lat' dir='ltr'>mare</span> <span class='ocrx_word' id='word_1_107' title='bbox 410 2384 507 2420; x_wconf 91' lang='lat' dir='ltr'>vidit</span> <span class='ocrx_word' id='word_1_108' title='bbox 538 2387 575 2420; x_wconf 88' lang='lat' dir='ltr'>et</span> <span class='ocrx_word' id='word_1_109' title='bbox 606 2383 712 2431; x_wconf 79' lang='lat' dir='ltr'>fugit,</span> 
     </span>
     <span class='ocr_line' id='line_1_34' title="bbox 274 2440 448 2477; baseline -0.006 0"><span class='ocrx_word' id='word_1_110' title='bbox 274 2440 448 2477; x_wconf 86' lang='lat' dir='ltr'>Iordanis</span> 
     </span>
     <span class='ocr_line' id='line_1_35' title="bbox 277 2500 820 2547; baseline 0 -14"><span class='ocrx_word' id='word_1_111' title='bbox 277 2507 480 2533; x_wconf 88' lang='lat' dir='ltr'>conversus</span> <span class='ocrx_word' id='word_1_112' title='bbox 511 2500 568 2532; x_wconf 86' lang='lat' dir='ltr'>est</span> <span class='ocrx_word' id='word_1_113' title='bbox 600 2501 820 2547; x_wconf 76' lang='lat' dir='ltr'>retrorsum,</span> 
     </span>
    </p>
   </div>
   <div class='ocr_carea' id='block_1_15' title="bbox 594 2598 1086 2645">
    <p class='ocr_par' dir='ltr' id='par_1_15' title="bbox 594 2598 1086 2645">
     <span class='ocr_line' id='line_1_36' title="bbox 594 2598 1086 2645; baseline -0.002 -10"><span class='ocrx_word' id='word_1_114' title='bbox 594 2599 655 2637; x_wconf 85' lang='lat'>10.</span> <span class='ocrx_word' id='word_1_115' title='bbox 703 2599 757 2635; x_wconf 92' lang='lat' dir='ltr'>Te</span> <span class='ocrx_word' id='word_1_116' title='bbox 789 2598 908 2635; x_wconf 87' lang='lat' dir='ltr'>solum</span> <span class='ocrx_word' id='word_1_117' title='bbox 939 2599 1086 2645; x_wconf 86' lang='lat' dir='ltr'>adorat,</span> 
     </span>
    </p>
   </div>
   <div class='ocr_carea' id='block_1_16' title="bbox 982 589 1061 628">
    <p class='ocr_par' dir='ltr' id='par_1_16' title="bbox 982 589 1061 628">
     <span class='ocr_line' id='line_1_37' title="bbox 982 589 1061 628; baseline -0.025 0"><span class='ocrx_word' id='word_1_118' title='bbox 982 589 1061 628; x_wconf 84' lang='lat' dir='ltr'>2b.</span> 
     </span>
    </p>
   </div>
   <div class='ocr_carea' id='block_1_17' title="bbox 983 805 1061 843">
    <p class='ocr_par' dir='ltr' id='par_1_17' title="bbox 983 805 1061 843">
     <span class='ocr_line' id='line_1_38' title="bbox 983 805 1061 843; baseline -0.013 0"><span class='ocrx_word' id='word_1_119' title='bbox 983 805 1061 843; x_wconf 72' lang='lat'>31).</span> 
     </span>
    </p>
   </div>
   <div class='ocr_carea' id='block_1_18' title="bbox 978 1020 1059 1058">
    <p class='ocr_par' dir='ltr' id='par_1_18' title="bbox 978 1020 1059 1058">
     <span class='ocr_line' id='line_1_39' title="bbox 978 1020 1059 1058; baseline -0.012 0"><span class='ocrx_word' id='word_1_120' title='bbox 978 1020 1059 1058; x_wconf 68' lang='lat'><strong>41).</strong></span> 
     </span>
    </p>
   </div>
   <div class='ocr_carea' id='block_1_19' title="bbox 984 1293 1060 1332">
    <p class='ocr_par' dir='ltr' id='par_1_19' title="bbox 984 1293 1060 1332">
     <span class='ocr_line' id='line_1_40' title="bbox 984 1293 1060 1332; baseline -0.026 0"><span class='ocrx_word' id='word_1_121' title='bbox 984 1293 1060 1332; x_wconf 89' lang='lat' dir='ltr'>5b.</span> 
     </span>
    </p>
   </div>
   <div class='ocr_carea' id='block_1_20' title="bbox 982 1566 1067 1605">
    <p class='ocr_par' dir='ltr' id='par_1_20' title="bbox 982 1566 1067 1605">
     <span class='ocr_line' id='line_1_41' title="bbox 982 1566 1067 1605; baseline -0.012 0"><span class='ocrx_word' id='word_1_122' title='bbox 982 1566 1067 1605; x_wconf 87' lang='lat' dir='ltr'>6b.</span> 
     </span>
    </p>
   </div>
   <div class='ocr_carea' id='block_1_21' title="bbox 983 2110 1060 2151">
    <p class='ocr_par' dir='ltr' id='par_1_21' title="bbox 983 2110 1060 2151">
     <span class='ocr_line' id='line_1_42' title="bbox 983 2110 1060 2151; baseline 0.039 -4"><span class='ocrx_word' id='word_1_123' title='bbox 983 2110 1060 2151; x_wconf 68' lang='lat' dir='ltr'>Sb.</span> 
     </span>
    </p>
   </div>
   <div class='ocr_carea' id='block_1_22' title="bbox 982 2327 1062 2366">
    <p class='ocr_par' dir='ltr' id='par_1_22' title="bbox 982 2327 1062 2366">
     <span class='ocr_line' id='line_1_43' title="bbox 982 2327 1062 2366; baseline 0.013 -2"><span class='ocrx_word' id='word_1_124' title='bbox 982 2327 1062 2366; x_wconf 84' lang='lat' dir='ltr'>9b.</span> 
     </span>
    </p>
   </div>
   <div class='ocr_carea' id='block_1_23' title="bbox 1092 589 1575 742">
    <p class='ocr_par' dir='ltr' id='par_1_23' title="bbox 1092 589 1575 742">
     <span class='ocr_line' id='line_1_44' title="bbox 1092 589 1490 627; baseline -0.003 -1"><span class='ocrx_word' id='word_1_125' title='bbox 1092 590 1168 626; x_wconf 87' lang='lat' dir='ltr'>Per</span> <span class='ocrx_word' id='word_1_126' title='bbox 1198 589 1353 627; x_wconf 85' lang='lat' dir='ltr'>verbum</span> <span class='ocrx_word' id='word_1_127' title='bbox 1385 600 1490 626; x_wconf 88' lang='lat' dir='ltr'>suum</span> 
     </span>
     <span class='ocr_line' id='line_1_45' title="bbox 1095 646 1575 695; baseline 0 -13"><span class='ocrx_word' id='word_1_128' title='bbox 1095 646 1345 695; x_wconf 83' lang='lat' dir='ltr'>incarnatum,</span> <span class='ocrx_word' id='word_1_129' title='bbox 1378 657 1446 692; x_wconf 91' lang='lat' dir='ltr'>per</span> <span class='ocrx_word' id='word_1_130' title='bbox 1476 646 1575 692; x_wconf 91' lang='lat' dir='ltr'>quod</span> 
     </span>
     <span class='ocr_line' id='line_1_46' title="bbox 1096 702 1450 742; baseline 0.006 -3"><span class='ocrx_word' id='word_1_131' title='bbox 1096 702 1188 739; x_wconf 87' lang='lat' dir='ltr'>fecit</span> <span class='ocrx_word' id='word_1_132' title='bbox 1219 708 1255 739; x_wconf 79' lang='lat' dir='ltr'>et</span> <span class='ocrx_word' id='word_1_133' title='bbox 1286 703 1450 742; x_wconf 84' lang='lat' dir='ltr'>saecula.</span> 
     </span>
    </p>
   </div>
   <div class='ocr_carea' id='block_1_24' title="bbox 1094 806 1580 958">
    <p class='ocr_par' dir='ltr' id='par_1_24' title="bbox 1094 806 1580 958">
     <span class='ocr_line' id='line_1_47' title="bbox 1094 806 1514 854; baseline 0 -12"><span class='ocrx_word' id='word_1_134' title='bbox 1094 806 1175 851; x_wconf 83' lang='lat' dir='ltr'>Ego</span> <span class='ocrx_word' id='word_1_135' title='bbox 1207 816 1286 842; x_wconf 88' lang='lat' dir='ltr'>sum</span> <span class='ocrx_word' id='word_1_136' title='bbox 1319 806 1514 854; x_wconf 81' lang='lat' dir='ltr'>Christus3</span> 
     </span>
     <span class='ocr_line' id='line_1_48' title="bbox 1097 862 1434 910; baseline 0 -12"><span class='ocrx_word' id='word_1_137' title='bbox 1097 863 1229 899; x_wconf 87' lang='lat' dir='ltr'>durum</span> <span class='ocrx_word' id='word_1_138' title='bbox 1263 866 1320 898; x_wconf 89' lang='lat' dir='ltr'>est</span> <span class='ocrx_word' id='word_1_139' title='bbox 1352 862 1434 910; x_wconf 86' lang='lat' dir='ltr'>tibi,</span> 
     </span>
     <span class='ocr_line' id='line_1_49' title="bbox 1094 919 1580 958; baseline 0.002 -3"><span class='ocrx_word' id='word_1_140' title='bbox 1094 922 1136 955; x_wconf 88' lang='lat' dir='ltr'>ut</span> <span class='ocrx_word' id='word_1_141' title='bbox 1166 919 1385 956; x_wconf 87' lang='lat' dir='ltr'>recalcitres</span> <span class='ocrx_word' id='word_1_142' title='bbox 1416 919 1580 958; x_wconf 85' lang='lat' dir='ltr'>stimulo.</span> 
     </span>
    </p>
   </div>
   <div class='ocr_carea' id='block_1_25' title="bbox 1092 1021 1599 1229">
    <p class='ocr_par' dir='ltr' id='par_1_25' title="bbox 1092 1021 1372 1068">
     <span class='ocr_line' id='line_1_50' title="bbox 1092 1021 1372 1068; baseline -0.004 -10"><span class='ocrx_word' id='word_1_143' title='bbox 1092 1021 1189 1058; x_wconf 90' lang='lat' dir='ltr'>Dum</span> <span class='ocrx_word' id='word_1_144' title='bbox 1224 1021 1372 1068; x_wconf 84' lang='lat' dir='ltr'>cognito</span> 
     </span>
    </p>

    <p class='ocr_par' dir='ltr' id='par_1_26' title="bbox 1095 1078 1599 1229">
     <span class='ocr_line' id='line_1_51' title="bbox 1095 1078 1465 1125; baseline 0.003 -12"><span class='ocrx_word' id='word_1_145' title='bbox 1095 1078 1261 1115; x_wconf 85' lang='lat' dir='ltr'>credidit</span> <span class='ocrx_word' id='word_1_146' title='bbox 1290 1078 1465 1125; x_wconf 90' lang='lat' dir='ltr'>Domino,</span> 
     </span>
     <span class='ocr_line' id='line_1_52' title="bbox 1097 1134 1599 1181; baseline -0.004 -9"><span class='ocrx_word' id='word_1_147' title='bbox 1097 1135 1236 1172; x_wconf 86' lang='lat' dir='ltr'>Paulus</span> <span class='ocrx_word' id='word_1_148' title='bbox 1267 1134 1445 1181; x_wconf 86' lang='lat' dir='ltr'>persequi</span> <span class='ocrx_word' id='word_1_149' title='bbox 1478 1138 1599 1172; x_wconf 88' lang='lat' dir='ltr'>cessat</span> 
     </span>
     <span class='ocr_line' id='line_1_53' title="bbox 1095 1191 1408 1229; baseline 0.003 -2"><span class='ocrx_word' id='word_1_150' title='bbox 1095 1191 1408 1229; x_wconf 60' lang='lat' dir='ltr'>conchristianos</span> 
     </span>
    </p>
   </div>
   <div class='ocr_carea' id='block_1_26' title="bbox 1093 1293 1607 1513">
    <p class='ocr_par' dir='ltr' id='par_1_27' title="bbox 1094 1293 1530 1387">
     <span class='ocr_line' id='line_1_54' title="bbox 1094 1293 1530 1331; baseline -0.002 -1"><span class='ocrx_word' id='word_1_151' title='bbox 1094 1294 1193 1330; x_wconf 85' lang='lat' dir='ltr'>Dum</span> <span class='ocrx_word' id='word_1_152' title='bbox 1225 1293 1365 1331; x_wconf 85' lang='lat' dir='ltr'>Paulus</span> <span class='ocrx_word' id='word_1_153' title='bbox 1395 1294 1434 1330; x_wconf 92' lang='lat' dir='ltr'>in</span> <span class='ocrx_word' id='word_1_154' title='bbox 1465 1303 1530 1329; x_wconf 92' lang='lat' dir='ltr'>ore</span> 
     </span>
     <span class='ocr_line' id='line_1_55' title="bbox 1094 1351 1258 1387; baseline -0.006 0"><span class='ocrx_word' id='word_1_155' title='bbox 1094 1351 1258 1387; x_wconf 90' lang='lat' dir='ltr'>omnium</span> 
     </span>
    </p>

    <p class='ocr_par' dir='ltr' id='par_1_28' title="bbox 1093 1408 1333 1444">
     <span class='ocr_line' id='line_1_56' title="bbox 1093 1408 1333 1444; baseline 0 -1"><span class='ocrx_word' id='word_1_156' title='bbox 1093 1408 1333 1444; x_wconf 80' lang='lat' dir='ltr'>sacerdotum</span> 
     </span>
    </p>

    <p class='ocr_par' dir='ltr' id='par_1_29' title="bbox 1093 1464 1607 1513">
     <span class='ocr_line' id='line_1_57' title="bbox 1093 1464 1607 1513; baseline -0.002 -13"><span class='ocrx_word' id='word_1_157' title='bbox 1093 1464 1177 1501; x_wconf 89' lang='lat' dir='ltr'>iura</span> <span class='ocrx_word' id='word_1_158' title='bbox 1210 1464 1274 1501; x_wconf 86' lang='lat' dir='ltr'>dat</span> <span class='ocrx_word' id='word_1_159' title='bbox 1305 1467 1607 1513; x_wconf 86' lang='lat' dir='ltr'>praeceptorum,</span> 
     </span>
    </p>
   </div>
   <div class='ocr_carea' id='block_1_27' title="bbox 1095 1566 1592 1717">
    <p class='ocr_par' dir='ltr' id='par_1_30' title="bbox 1095 1566 1592 1717">
     <span class='ocr_line' id='line_1_58' title="bbox 1100 1566 1592 1612; baseline -0.004 -9"><span class='ocrx_word' id='word_1_160' title='bbox 1100 1566 1193 1603; x_wconf 91' lang='lat' dir='ltr'>Cum</span> <span class='ocrx_word' id='word_1_161' title='bbox 1225 1571 1335 1612; x_wconf 83' lang='lat' dir='ltr'>patre</span> <span class='ocrx_word' id='word_1_162' title='bbox 1365 1566 1427 1612; x_wconf 92' lang='lat' dir='ltr'>qui</span> <span class='ocrx_word' id='word_1_163' title='bbox 1459 1568 1592 1612; x_wconf 80' lang='lat' dir='ltr'>regnat</span> 
     </span>
     <span class='ocr_line' id='line_1_59' title="bbox 1098 1623 1477 1670; baseline -0.003 -11"><span class='ocrx_word' id='word_1_164' title='bbox 1098 1628 1136 1659; x_wconf 87' lang='lat' dir='ltr'>et</span> <span class='ocrx_word' id='word_1_165' title='bbox 1167 1627 1298 1660; x_wconf 84' lang='lat' dir='ltr'>sancto</span> <span class='ocrx_word' id='word_1_166' title='bbox 1329 1623 1477 1670; x_wconf 85' lang='lat' dir='ltr'>spiritu,</span> 
     </span>
     <span class='ocr_line' id='line_1_60' title="bbox 1095 1679 1521 1717; baseline 0.002 -1"><span class='ocrx_word' id='word_1_167' title='bbox 1095 1680 1198 1716; x_wconf 86' lang='lat' dir='ltr'>cuius</span> <span class='ocrx_word' id='word_1_168' title='bbox 1230 1679 1337 1716; x_wconf 89' lang='lat' dir='ltr'>testis</span> <span class='ocrx_word' id='word_1_169' title='bbox 1372 1679 1521 1717; x_wconf 87' lang='lat' dir='ltr'>Paulus.</span> 
     </span>
    </p>
   </div>
   <div class='ocr_carea' id='block_1_28' title="bbox 1092 1782 1600 2047">
    <p class='ocr_par' dir='ltr' id='par_1_31' title="bbox 1092 1782 1600 1988">
     <span class='ocr_line' id='line_1_61' title="bbox 1092 1782 1489 1819; baseline -0.005 0"><span class='ocrx_word' id='word_1_170' title='bbox 1092 1782 1263 1819; x_wconf 86' lang='lat' dir='ltr'>Corrosit</span> <span class='ocrx_word' id='word_1_171' title='bbox 1293 1782 1489 1818; x_wconf 86' lang='lat' dir='ltr'>universas</span> 
     </span>
     <span class='ocr_line' id='line_1_62' title="bbox 1092 1839 1554 1885; baseline -0.004 -10"><span class='ocrx_word' id='word_1_172' title='bbox 1092 1839 1238 1885; x_wconf 88' lang='lat' dir='ltr'>species</span> <span class='ocrx_word' id='word_1_173' title='bbox 1269 1839 1554 1883; x_wconf 83' lang='lat' dir='ltr'>medicinarum,</span> 
     </span>
     <span class='ocr_line' id='line_1_63' title="bbox 1092 1894 1600 1942; baseline -0.002 -11"><span class='ocrx_word' id='word_1_174' title='bbox 1092 1895 1227 1942; x_wconf 86' lang='lat' dir='ltr'>quibus</span> <span class='ocrx_word' id='word_1_175' title='bbox 1260 1899 1439 1932; x_wconf 84' lang='lat' dir='ltr'>curantur</span> <span class='ocrx_word' id='word_1_176' title='bbox 1470 1894 1600 1941; x_wconf 81' lang='lat' dir='ltr'>saucii,</span> 
     </span>
     <span class='ocr_line' id='line_1_64' title="bbox 1094 1952 1314 1988; baseline 0 0"><span class='ocrx_word' id='word_1_177' title='bbox 1094 1952 1314 1988; x_wconf 84' lang='lat' dir='ltr'>reficiuntur</span> 
     </span>
    </p>

    <p class='ocr_par' dir='ltr' id='par_1_32' title="bbox 1096 2009 1324 2047">
     <span class='ocr_line' id='line_1_65' title="bbox 1096 2009 1324 2047; baseline 0.004 -2"><span class='ocrx_word' id='word_1_178' title='bbox 1096 2009 1324 2047; x_wconf 88' lang='lat' dir='ltr'>enutriendi.</span> 
     </span>
    </p>
   </div>
   <div class='ocr_carea' id='block_1_29' title="bbox 1094 2112 1543 2272">
    <p class='ocr_par' dir='ltr' id='par_1_33' title="bbox 1094 2112 1543 2272">
     <span class='ocr_line' id='line_1_66' title="bbox 1094 2112 1543 2156; baseline -0.002 -8"><span class='ocrx_word' id='word_1_179' title='bbox 1094 2112 1168 2149; x_wconf 90' lang='lat' dir='ltr'>Per</span> <span class='ocrx_word' id='word_1_180' title='bbox 1199 2121 1308 2156; x_wconf 87' lang='lat' dir='ltr'>quern</span> <span class='ocrx_word' id='word_1_181' title='bbox 1340 2121 1543 2147; x_wconf 86' lang='lat' dir='ltr'>conversus</span> 
     </span>
     <span class='ocr_line' id='line_1_67' title="bbox 1095 2166 1526 2213; baseline 0 -9"><span class='ocrx_word' id='word_1_182' title='bbox 1095 2168 1144 2204; x_wconf 89' lang='lat' dir='ltr'>ad</span> <span class='ocrx_word' id='word_1_183' title='bbox 1175 2178 1244 2204; x_wconf 91' lang='lat' dir='ltr'>nos</span> <span class='ocrx_word' id='word_1_184' title='bbox 1276 2172 1316 2204; x_wconf 86' lang='lat' dir='ltr'>tu</span> <span class='ocrx_word' id='word_1_185' title='bbox 1346 2166 1526 2213; x_wconf 86' lang='lat' dir='ltr'>vivificas,</span> 
     </span>
     <span class='ocr_line' id='line_1_68' title="bbox 1096 2224 1523 2272; baseline -0.005 -10"><span class='ocrx_word' id='word_1_186' title='bbox 1096 2224 1259 2272; x_wconf 79' lang='lat' dir='ltr'>Christe,</span> <span class='ocrx_word' id='word_1_187' title='bbox 1291 2228 1523 2271; x_wconf 83' lang='lat' dir='ltr'>peccatores,</span> 
     </span>
    </p>
   </div>
   <div class='ocr_carea' id='block_1_30' title="bbox 1093 2327 1640 2546">
    <p class='ocr_par' dir='ltr' id='par_1_34' title="bbox 1093 2327 1541 2486">
     <span class='ocr_line' id='line_1_69' title="bbox 1094 2327 1541 2374; baseline -0.002 -11"><span class='ocrx_word' id='word_1_188' title='bbox 1094 2327 1190 2373; x_wconf 80' lang='lat' dir='ltr'>Quia</span> <span class='ocrx_word' id='word_1_189' title='bbox 1220 2327 1333 2363; x_wconf 90' lang='lat' dir='ltr'>turba</span> <span class='ocrx_word' id='word_1_190' title='bbox 1363 2327 1541 2374; x_wconf 80' lang='lat' dir='ltr'>gentium,</span> 
     </span>
     <span class='ocr_line' id='line_1_70' title="bbox 1094 2384 1451 2421; baseline 0 -1"><span class='ocrx_word' id='word_1_191' title='bbox 1094 2384 1271 2421; x_wconf 90' lang='lat' dir='ltr'>vitiorum</span> <span class='ocrx_word' id='word_1_192' title='bbox 1301 2384 1451 2420; x_wconf 87' lang='lat' dir='ltr'>rediens</span> 
     </span>
     <span class='ocr_line' id='line_1_71' title="bbox 1093 2439 1298 2486; baseline 0 -10"><span class='ocrx_word' id='word_1_193' title='bbox 1093 2439 1298 2486; x_wconf 88' lang='lat' dir='ltr'>profundo,</span> 
     </span>
    </p>

    <p class='ocr_par' dir='ltr' id='par_1_35' title="bbox 1093 2495 1640 2546">
     <span class='ocr_line' id='line_1_72' title="bbox 1093 2495 1640 2546; baseline -0.002 -12"><span class='ocrx_word' id='word_1_194' title='bbox 1093 2497 1160 2546; x_wconf 83' lang='lat' dir='ltr'>og,</span> <span class='ocrx_word' id='word_1_195' title='bbox 1194 2507 1282 2544; x_wconf 83' lang='lat' dir='ltr'>rege</span> <span class='ocrx_word' id='word_1_196' title='bbox 1313 2497 1449 2542; x_wconf 84' lang='lat' dir='ltr'>Basan,</span> <span class='ocrx_word' id='word_1_197' title='bbox 1483 2495 1640 2533; x_wconf 87' lang='lat' dir='ltr'>confuso</span> 
     </span>
    </p>
   </div>
   <div class='ocr_carea' id='block_1_31' title="bbox 705 2656 1322 2815">
    <p class='ocr_par' dir='ltr' id='par_1_36' title="bbox 705 2656 1322 2815">
     <span class='ocr_line' id='line_1_73' title="bbox 705 2656 1124 2702; baseline -0.007 -9"><span class='ocrx_word' id='word_1_198' title='bbox 705 2656 870 2697; x_wconf 87' lang='lat' dir='ltr'>Christe,</span> <span class='ocrx_word' id='word_1_199' title='bbox 903 2660 1124 2702; x_wconf 86' lang='lat' dir='ltr'>creatorem,</span> 
     </span>
     <span class='ocr_line' id='line_1_74' title="bbox 709 2711 1322 2758; baseline 0 -11"><span class='ocrx_word' id='word_1_200' title='bbox 709 2722 817 2757; x_wconf 85' lang='lat' dir='ltr'>quem</span> <span class='ocrx_word' id='word_1_201' title='bbox 850 2717 887 2750; x_wconf 83' lang='lat' dir='ltr'>et</span> <span class='ocrx_word' id='word_1_202' title='bbox 918 2712 1110 2758; x_wconf 81' lang='lat' dir='ltr'>cognoscit</span> <span class='ocrx_word' id='word_1_203' title='bbox 1140 2711 1177 2747; x_wconf 90' lang='lat' dir='ltr'>in</span> <span class='ocrx_word' id='word_1_204' title='bbox 1211 2721 1322 2747; x_wconf 86' lang='lat' dir='ltr'>carne</span> 
     </span>
     <span class='ocr_line' id='line_1_75' title="bbox 707 2768 1177 2815; baseline 0.004 -14"><span class='ocrx_word' id='word_1_205' title='bbox 707 2768 855 2804; x_wconf 82' lang='lat' dir='ltr'>venisse</span> <span class='ocrx_word' id='word_1_206' title='bbox 886 2769 1177 2815; x_wconf 84' lang='lat' dir='ltr'>redemptorem,</span> 
     </span>
    </p>
   </div>
  </div>
 </body>
</html>
