1785 3111
703 45 1013 86 -175—

367 160 435 199 13.
467 159 664 197 Floridam
696 159 829 196 mundi
859 160 1037 209 speciem,
1070 159 1182 197 beate

466 216 632 263 Martyr‚
665 220 706 253 ut
736 216 807 253 luti
838 217 1005 254 maculas
1036 217 1192 266 put-asti,

466 273 666 319 Respuens
698 283 827 310 omnes
859 274 1030 311 vitiantis
1062 274 1146 312 aevi

623 331 783 368 Pectore
814 341 945 369 noxas,

367 444 431 482 14.
464 443 582 481 Omne
613 448 841 481 tormentum
874 444 1096 490 gladiosque
1127 454 1259 482 saevos

467 500 594 538 Corde
625 500 756 547 risisti,
789 500 911 537 solido
943 511 1146 549 supernam

465 558 620 594 Intuens
651 558 817 603 palmam
848 568 965 604 genus
996 568 1104 594 omne
1136 558 1205 594 leti

623 614 726 651 Lene
757 614 939 660 putando.

370 729 434 767 15.
467 727 525 764 Tu
556 727 638 774 pios
669 728 769 764 inter
799 727 967 773 speciale
998 725 1138 763 fratres

464 784 603 821 Munus
634 784 800 821 invictae
832 783 921 820 fidei
951 787 1102 820 secutus

465 840 630 887 Spiritus
660 841 761 877 inter
789 851 947 886 superos
978 841 1137 878 mereris

623 898 719 935 Esse
751 897 921 937 coheres.

370 1012 433 1051 16.
466 1011 521 1047 Te
551 1011 792 1048 sacerdotum
824 1015 1030 1048 veneratur
1061 1011 1168 1058 ordo⁷

467 1068 640 1105 Hostiam
673 1071 787 1104 temet
819 1069 907 1115 quia
940 1068 1205 1114 victimamque

467 1125 641 1162 Vividam
675 1125 827 1162 Christo
859 1135 968 1162 sacra
999 1123 1231 1171 proferendo

625 1182 734 1219 Dona
765 1182 898 1220 litasti.

372 1296 437 1334 17.
470 1296 565 1332 Tota
596 1300 634 1332 te
664 1295 789 1342 plebis
822 1296 1029 1342 populique
1059 1295 1201 1342 passim

467 1351 596 1389 Turba
627 1353 821 1389 collaudat
851 1352 1130 1399 Dominumque
1162 1363 1232 1398 pro
1262 1356 1312 1399 te,

468 1410 568 1455 Quos
597 1410 651 1446 tui
684 1420 835 1446 saevam
868 1408 1011 1446 faciunt
1043 1420 1182 1456 agones

626 1466 812 1503 Temnere
842 1472 1015 1504 mortem.

372 1578 436 1616 18.
467 1578 571 1626 Ergo
601 1584 799 1627 gratanter
830 1580 955 1626 capito
986 1580 1123 1626 pieque

467 1635 590 1684 Dona,
623 1647 719 1683 quae
746 1648 903 1684 magnus
935 1641 1047 1683 parat
1076 1636 1300 1682 imperator,

468 1693 548 1730 Iam
580 1693 664 1731 subi
695 1695 805 1731 sedes
839 1694 909 1730 tibi
946 1696 1196 1740 praeparatas

626 1751 789 1788 Munere
820 1751 938 1798 largo.

370 1863 435 1902 19.
469 1863 577 1900 Illius
609 1874 765 1910 regnum
793 1864 1033 1911 spatiumque
1065 1864 1179 1911 vitae,

469 1920 688 1968 Coniugem,
721 1921 868 1967 prolem
900 1921 1082 1968 populum
1114 1919 1266 1957 fidelem

468 1977 627 2024 Semper
656 1982 766 2014 oratu
797 1978 1030 2027 meritisque,
1059 1981 1208 2024 martyr

626 2035 751 2081 Alme,
784 2035 925 2073 iuvato.

174 2157 256 2190 Cod.
281 2158 441 2189 Vatican.
465 2159 549 2200 Reg.
575 2155 653 2190 469.
678 2157 734 2198 (01.
754 2158 969 2200 Sangallen.)
994 2168 1084 2190 saec.
1111 2156 1144 2190 9.
1174 2168 1226 2190 ex.
1254 2176 1297 2179 —
1326 2157 1354 2197 1,
1381 2156 1402 2190 2
1420 2159 1589 2190 ianm-ius.
1608 2176 1651 2179 —

83 2200 114 2243 2,
139 2199 161 2234 2
184 2200 307 2245 vot[a].
332 2221 376 2225 -—
402 2201 453 2242 10,
480 2201 500 2234 2
525 2207 702 2246 patenum.
727 2224 770 2227 —
798 2203 847 2243 17,
874 2202 896 2235 4
921 2208 1059 2236 morter.

558 2384 639 2421 1:26.
677 2384 734 2427 (6.)
773 2384 915 2420 Oratio
943 2384 1170 2421 Dominica..

305 2490 552 2537 Omnipotens
583 2495 728 2539 auctor,
761 2491 856 2528 caeli
888 2495 1067 2538 regnator
1097 2491 1135 2527 in
1167 2491 1268 2537 aula,

307 2546 575 2585 Sanctificetur
605 2548 749 2585 honore
779 2552 883 2584 tuum
915 2548 1110 2585 laudabile
1140 2559 1278 2585 nomen

304 2603 435 2650 Longe
466 2605 619 2651 repulso
648 2604 768 2654 hoste,
803 2604 866 2651 qui
896 2615 964 2641 nos
994 2605 1115 2642 livore
1144 2603 1293 2654 fatigat,

309 2661 354 2697 In
384 2663 574 2708 terrisque
604 2661 671 2699 fiat
701 2661 841 2698 nostris
872 2665 938 2698 tua
969 2661 1073 2698 clara
1102 2662 1292 2709 voluntas,

255 2718 277 2754 5
311 2717 375 2755 Sic
404 2718 623 2755 veneranda
653 2718 731 2764 poli
762 2718 883 2764 qualis
913 2718 952 2754 in
984 2718 1147 2755 culmine
1179 2721 1340 2756 constat.

312 2772 463 2810 Summe
485 2779 614 2821 pater,
646 2774 754 2811 nobis
786 2785 922 2820 panem
954 2775 1119 2812 concede
1152 2775 1339 2825 diurnum,
