1785 3111
725 52 1037 92 ——185—

528 223 609 259 135.
647 224 704 266 (4.)
740 224 916 268 Hymnus
942 226 989 260 <le
1016 226 1216 262 Caritate.

365 367 372 374 .
419 335 512 372 Alta.
543 346 603 372 res
635 347 885 383 magnumque
915 337 1066 381 bonum,
1101 338 1253 375 salubre

421 392 560 429 Munus
593 403 638 429 ex
671 393 748 430 alto
782 394 937 430 veniens
970 406 1187 441 supernum,

420 449 640 487 Conditoris
672 451 835 487 maxime
866 451 923 487 ius
952 452 1132 497 potentis,

663 507 744 543 Lux
776 507 840 553 pia
870 508 1014 547 mundi.

361 650 369 658 .
418 618 567 655 Caritas
599 620 799 665 praeclara
829 620 996 656 tonantis
1028 625 1140 666 atque

415 676 545 712 Ardor
575 680 611 712 et
644 677 854 713 communio
886 677 1082 715 trinitatis.

417 731 564 769 Cuncta
596 733 718 769 virtus
751 733 823 769 rite
856 744 1001 782 regens,
1036 738 1170 779 potens
1201 735 1274 777 lex,

657 790 822 836 Agmina
854 790 959 828 caeli.

336 902 368 941 Ἰ.
417 902 524 939 Haec
557 907 754 940 creaturae
787 902 858 940 fuit
889 905 990 941 alma
1020 905 1140 951 origo,

413 959 510 996 Nam
543 970 613 1005 per
644 959 742 996 hane
774 961 954 997 caelestia
986 962 1139 998 condita,
1172 966 1333 1011 exstant,

412 1015 464 1052 Et
495 1017 612 1053 maris
644 1020 846 1064 terraeque
878 1018 989 1054 simul
1022 1023 1176 1064 reperta

658 1073 840 1111 Germina
873 1079 1059 1113 constant.

356 1215 363 1222 .
411 1185 519 1223 Haec
548 1186 675 1223 Adam
707 1187 869 1233 primum
903 1188 1009 1225 dedit
1040 1189 1078 1225 in
1111 1199 1151 1225 se
1180 1188 1333 1229 habere.

411 1242 485 1287 En,
518 1242 591 1280 Dei
623 1245 819 1290 exemplar
851 1244 1032 1292 fieretque
1063 1246 1187 1292 imago

411 1299 629 1337 Conditoris
661 1302 958 1349 praeposuitque
990 1306 1068 1339 toto
1101 1303 1200 1339 hune

656 1359 842 1396 Conditor
872 1359 966 1397 orbi.

354 1500 362 1508 .
409 1470 517 1508 Haec
548 1471 756 1518 prophetas
789 1477 825 1509 et
856 1474 957 1520 patri
988 1496 1044 1500 —
1075 1473 1167 1511 fecit
1197 1497 1253 1501 —
1283 1476 1432 1514 archas

411 1526 503 1565 Cum
536 1539 644 1565 sacro
675 1530 882 1575 spiramine
914 1541 977 1568 eos
1009 1532 1184 1577 replevit,

409 1584 463 1623 Ut
494 1585 699 1622 salutarem
731 1587 793 1632 pie
825 1588 1093 1633 praedicarent

654 1643 842 1689 Dogmate
875 1644 1081 1683 Christum.

332 1755 361 1793 ⁶.
408 1755 592 1803 Haecque
622 1756 695 1793 hue
728 1757 960 1795 descendere
992 1757 1083 1794 feeit
1113 1759 1235 1805 ipsum

410 1811 551 1849 Filium
584 1814 718 1850 summi
750 1815 871 1860 patris
903 1815 953 1852 ad
984 1816 1184 1861 medelam,

407 1868 461 1906 Ut
492 1880 696 1916 supernam
726 1872 1031 1919 terrigenamque
1063 1873 1212 1919 plebem

653 1928 832 1976 Iungeret
863 1934 1006 1967 auctor.

353 2070 361 2079 .
408 2039 515 2077 Haec
545 2041 627 2087 pati
659 2041 853 2079 Christum
885 2053 1008 2091 eruce,
1043 2043 1137 2079 haee
1167 2042 1329 2091 flagella,

410 2098 542 2144 sputa,
576 2098 705 2144 spinas
736 2097 838 2136 ferre
870 2100 991 2146 dedit,
1023 2100 1239 2146 sepulerum

408 2154 537 2202 Atque
569 2155 752 2192 victorem
785 2155 867 2193 fore
897 2157 1017 2203 deque
1049 2162 1170 2193 morte

657 2212 822 2261 Surgere
853 2214 956 2251 feeit.

351 2352 360 2361 .
407 2324 513 2360 Haec
544 2325 620 2371 poli
654 2336 809 2373 regnum
844 2327 949 2364 dedit
981 2338 1063 2364 esse
1094 2331 1280 2377 apertum,

409 2381 582 2419 Christus
615 2393 661 2418 ex
693 2394 765 2429 quo
797 2384 897 2420 celsa
928 2384 1035 2433 petit,
1067 2389 1267 2431 sequentes

406 2437 501 2474 Eius
531 2442 569 2474 et
601 2440 759 2486 vestigia
791 2438 881 2476 fecit
912 2452 1040 2477 omnes

648 2495 840 2533 Scandere
873 2498 1029 2536 caelum.

350 2640 359 2649 .
408 2608 592 2656 Spiritum
625 2616 794 2648 sanetum
829 2612 936 2650 dedit
967 2613 1060 2650 haee
1090 2613 1138 2651 ab
1170 2624 1257 2651 arce

409 2666 652 2704 Pentecostes
684 2669 812 2715 sicque
844 2666 979 2721 [diem]
1014 2671 1190 2717 sacravit,

409 2723 645 2762 Primitivum
680 2736 762 2762 eum
793 2727 1010 2772 paraeletus
1041 2738 1174 2775 agmen

443 2793 447 2796 ’
651 2783 789 2819 Visitat
822 2783 926 2821 orbe.
