1785 3111
680 103 730 107 —
792 79 870 119 3:31
934 101 986 105 ——

151 197 201 233 15
250 194 411 239 Christe,
445 196 549 230 sator
579 193 672 238 veri,
706 204 774 239 per
804 205 913 240 quem
945 197 1032 230 sunt
1061 194 1186 231 omnia
1219 205 1308 231 vera

312 251 364 288 Et
394 260 464 298 per
494 260 604 296 quem
636 251 787 296 sapiunt
820 252 957 295 omnia,
991 262 1085 296 quae
1117 253 1289 297 sapiunt,

256 307 419 353 Christe,
451 311 562 354 pater
593 307 771 353 clemens,
805 306 1050 353 perfectaque
1083 318 1301 353 summaque
1333 306 1425 354 vita,

310 364 390 410 Quo
422 363 515 400 vivit
545 375 700 412 summe,
735 364 862 401 vivere
893 364 1079 410 quidquid
1113 365 1246 408 habet;

255 420 406 459 Christe
436 420 551 469 Deus,
585 421 689 457 cuius
721 421 836 458 totius
868 420 1041 457 machina
1072 422 1202 457 mundi

154 479 206 516 20
310 477 382 514 Est
412 488 580 525 regnum,
613 489 721 524 quem
754 488 827 514 non
859 489 990 514 sensus
1019 477 1125 513 obire
1157 482 1304 525 potest3

256 534 407 572 Christe
438 534 552 581 Deus,
586 537 689 571 cuius
724 534 770 570 de
804 545 920 581 regno
952 534 1056 571 venit
1086 535 1122 570 in
1156 535 1228 571 ista

312 591 393 628 Lex
425 591 538 628 etiam
569 602 687 638 regna
717 591 958 637 iustitiaeque
991 590 1117 636 vigor,

257 648 419 695 Christe,
451 653 561 694 pater
595 648 771 695 clemens,
805 659 826 684 a
857 659 929 694 quo
963 647 1160 684 discedere
1192 658 1292 683 mors
1324 651 1392 695 est,

312 705 384 742 Est
414 705 452 741 in
483 715 593 751 quem
626 704 778 752 regredi
809 704 900 749 vita,
933 714 1086 740 manere
1117 704 1242 751 salus3

158 763 209 800 25
259 762 409 800 Christe
440 761 555 809 Deus,
589 761 661 798 nisi
693 762 887 807 deceptus,
921 771 1029 807 quem
1062 770 1171 796 nemo
1203 760 1395 809 relinquit,

312 818 441 865 Quem,
474 818 544 854 nisi
579 818 855 864 praemonitus,
888 827 1073 863 quaerere
1105 828 1214 853 nemo
1247 817 1369 866 valet,

258 875 419 921 Christe,
452 879 563 922 pater
594 875 772 922 clemens,
805 884 913 920 quem
946 885 1021 910 non
1052 873 1126 910 nisi
1157 873 1398 918 iustificatUS,

313 932 399 969 Non
429 931 501 968 nisi
532 932 735 968 mundatus
768 931 927 979 invenit,
961 931 1096 967 invoco
1128 934 1178 969 te.

260 988 422 1036 Christe,
454 992 565 1035 pater
597 989 774 1035 clemens,
806 988 854 1023 ad
887 998 995 1034 quem
1029 987 1260 1024 contendere
1291 997 1431 1033 amare,

161 1047 212 1083 30
316 1045 368 1082 Et
397 1055 507 1092 quem
540 1045 761 1091 conspicere
792 1049 848 1080 est
879 1044 974 1081 illud
1008 1043 1159 1092 habere,
1193 1044 1293 1090 quod
1326 1048 1405 1089 est,

263 1101 428 1147 Christe,
461 1102 558 1139 fides
590 1103 648 1138 cui
680 1112 748 1138 nos
783 1112 871 1137 vera
903 1102 1057 1149 excitat,
1094 1101 1207 1147 erigit
1239 1106 1275 1137 et
1307 1111 1407 1146 spes,

315 1159 443 1206 iungit
473 1170 590 1205 amor,
623 1169 692 1206 per
725 1168 833 1204 quem
867 1158 1050 1194 vincimus
1083 1168 1193 1194 omne
1225 1158 1385 1204 maluni3

264 1216 430 1260 Christe,
462 1220 573 1262 pater
604 1216 781 1264 clemens,
814 1215 877 1261 qui
907 1226 975 1251 nos
1007 1214 1222 1251 miserando
1255 1215 1406 1251 reducis

318 1273 382 1310 Ad
413 1276 462 1321 te,
496 1273 560 1319 qui
592 1283 681 1310 vera
712 1272 836 1320 ianua,
870 1272 960 1318 vita,
994 1271 1055 1308 via
1085 1282 1148 1321 es,

168 1331 219 1369 35
248 1329 420 1380 ,Christe
450 1329 567 1374 Deus,
599 1328 755 1376 proprio
787 1329 849 1375 qui
881 1340 948 1365 nos
981 1328 1150 1375 dignaris
1182 1328 1323 1364 honore

323 1386 470 1433 Quique
501 1386 708 1423 coheredes
740 1397 806 1422 nos
838 1384 932 1422 facis
965 1396 1046 1421 esse
1077 1391 1182 1435 tuos,

269 1444 350 1481 Pax
380 1454 475 1491 mea,
508 1443 590 1480 laus
620 1453 715 1488 mea,
748 1453 834 1489 spes
865 1453 960 1489 mea,
992 1452 1052 1478 res
1084 1452 1178 1487 mea,
1211 1443 1275 1477 lux
1306 1452 1401 1488 mea,
1434 1440 1595 1492 Christe,

321 1499 516 1546 Glorifico,
548 1510 711 1537 veneror
742 1504 792 1547 te,
825 1499 1022 1542 benedico,
1058 1499 1152 1536 colo.

264 1557 318 1594 Te
350 1557 472 1594 solum
498 1557 632 1602 laetor,
665 1561 702 1592 te
733 1557 852 1592 solum
883 1557 1041 1603 gaudeo,
1074 1555 1195 1591 solum

168 1615 220 1652 40
324 1614 562 1661 Amplector,
594 1613 714 1662 cupio,
752 1613 880 1660 diligo,
914 1623 1065 1661 quaero,
1099 1623 1248 1658 sequor.

157 1715 241 1747 Cod.
267 1715 429 1747 Casinen.
462 1711 539 1745 280.
573 1724 661 1745 saec.
691 1711 743 1745 11.
769 1713 826 1745 fol.
855 1711 937 1745 73b.
965 1724 1038 1755 sqq.
1064 1731 1108 1735 —
1136 1712 1392 1744 Vorstehendes
1420 1714 1476 1743 ein
1502 1711 1631 1743 Bruch-

59 1760 160 1792 stiiek
194 1770 257 1791 aus
288 1760 385 1791 einer
420 1760 586 1800 liingwen
621 1760 762 1799 „Oratio
793 1770 854 1790 seu
879 1759 1052 1790 confessio
1077 1756 1243 1790 1netrica“
1279 1760 1343 1789 mit
1372 1759 1449 1789 dem
1474 1757 1633 1799 Anfange

58 1807 215 1843 Prisca
246 1805 400 1837 lavans
434 1807 640 1846 proprio,
673 1805 743 1846 vgl.
777 1804 939 1845 Ughelli,
974 1804 1079 1835 Italia
1114 1804 1220 1835 Sacra
1252 1804 1305 1842 ΙΙ,
1341 1802 1428 1835 1115
1459 1814 1508 1845 sq.
1559 1804 1632 1834 Das

59 1851 197 1889 Ganze,
231 1852 287 1882 ein
310 1851 442 1892 Dialog
473 1851 645 1882 zwischen
671 1850 747 1881 dem
773 1850 951 1882 Betenden
976 1850 1046 1881 und
1071 1850 1232 1881 Christus
1260 1849 1391 1881 konnte
1418 1849 1472 1880 ich
1499 1848 1633 1890 fiiglieh

59 1897 157 1928 nicht,
182 1896 400 1934 aufnehmen‚
427 1896 521 1927 diese
546 1895 877 1927 charakteristisehe
896 1896 1015 1926 Partie
1042 1895 1178 1926 rnechte
1196 1895 1251 1926 ich
1269 1895 1366 1926 nicht
1383 1896 1523 1926 missen.
1563 1895 1633 1925 Die

60 1953 137 1974 zum
161 1942 239 1974 Teil
273 1941 540 1973 sinnsttirenden
566 1941 764 1973 Lesefehler
792 1941 950 1983 Ughellis
984 1941 1060 1973 hier
1092 1952 1132 1972 zu
1160 1941 1389 1973 verzeiehnen
1415 1941 1476 1972 hat
1501 1940 1630 1971 keinen

60 1987 195 2020 Zweek.

290 2088 371 2124 256.
408 2088 466 2131 (2.)
502 2087 700 2131 Loquitur
726 2087 858 2122 Maria
882 2087 998 2130 firgo
1026 2087 1077 2121 ad
1101 2087 1231 2122 Iesum
1256 2087 1410 2122 natum.

272 2183 353 2220 Has
386 2182 518 2219 mundi
549 2182 727 2219 tenebras
758 2186 888 2219 noster
919 2181 1015 2218 bene
1045 2181 1195 2218 veneris
1226 2179 1352 2217 infans

275 2240 423 2287 Visere,
456 2239 520 2286 qui
550 2239 628 2276 lato
660 2238 840 2275 diffundis
871 2238 1014 2274 lumina
1046 2238 1164 2276 caelo.

271 2296 349 2333 Fili
380 2296 454 2333 mei
484 2295 613 2342 filique
644 2295 729 2340 Dei,
762 2306 881 2331 novus
913 2295 1052 2343 accola,
1088 2294 1205 2332 salve.

273 2353 348 2390 Sed
380 2352 475 2399 quis,
508 2363 581 2399 quo
612 2362 810 2400 properas,
845 2362 999 2398 compar
1027 2351 1218 2401 genitoris,
1253 2351 1301 2388 ab
1333 2351 1410 2388 alto

210 2412 232 2449 5
275 2409 496 2457 Prosiliens,
529 2420 601 2455 quo
634 2414 721 2446 nate
753 2407 887 2445 venis?
920 2408 983 2454 qui
1013 2408 1092 2444 lata
1123 2408 1295 2454 polorum

270 2467 423 2514 Reples,
457 2466 605 2502 telluris
637 2466 740 2502 sinus
772 2465 833 2501 hic
863 2476 970 2510 mage
1003 2465 1214 2512 complacet
1244 2462 1382 2502 artus?

271 2523 457 2562 Concludi
487 2533 575 2559 num
607 2520 706 2558 forte
737 2523 855 2567 venis,
889 2522 952 2568 qui
983 2521 1057 2558 fine
1089 2520 1275 2558 carebas?

268 2580 339 2627 Qui
370 2584 474 2617 stans
506 2583 641 2616 cuncta
670 2589 810 2625 moves,
845 2578 981 2615 venisti
1008 2578 1046 2614 in
1079 2589 1192 2615 carne
1223 2576 1397 2615 moveri?

272 2637 343 2682 Qui
373 2636 473 2683 geris
504 2636 542 2672 in
576 2636 711 2673 dextra
742 2635 955 2672 mundanae
987 2635 1158 2681 pondera
1188 2635 1311 2683 molis,

188 2694 238 2731 10
281 2694 456 2730 Ancillae
487 2693 713 2739 tremulique
743 2692 843 2728 senis
875 2691 1077 2738 portabere
1108 2692 1263 2738 palma-⁵?

276 2750 390 2787 Cuius
423 2750 627 2787 caelicolae
658 2753 865 2795 pascuntur
896 2759 1062 2794 munere,
1091 2760 1243 2795 parvas,

270 2806 369 2852 Quas
400 2809 526 2843 tamen
557 2806 739 2852 implesti,
772 2805 915 2851 placuit
947 2805 1016 2841 tibi
1048 2816 1182 2852 sugere
1214 2801 1424 2842 mammas?
