1785 3111
74 206 110 244 1.
144 204 215 250 Da,
248 213 356 250 puer,
389 203 587 251 plectrum,
622 202 772 240 choreis
892 205 928 239 ³3.
962 203 1049 247 Ipse
1080 201 1201 248 iussit,
1236 206 1271 236 et
1306 205 1443 249 creata,

198 264 241 297 ut
272 270 404 296 canam
438 258 614 296 fidelibus
1020 257 1116 294 dixit
1148 258 1241 306 ipse,
1277 263 1313 293 et
1346 256 1448 294 facta
1479 261 1566 294 sunt

144 317 265 354 Dulce
297 326 448 353 carmen
480 319 517 352 et
547 315 752 364 melodum,
962 316 1093 361 Terra,
1127 315 1285 361 caelum,
1320 313 1421 351 fossa
1452 314 1571 362 ponti,

200 377 306 420 gesta
337 372 479 411 Christi
509 372 694 420 insignia3
1019 372 1120 408 trina
1151 382 1277 408 rerum
1309 371 1498 418 machina,

143 430 255 467 Hunc
286 440 442 467 camena
469 434 602 466 nostra
632 430 751 466 solum
962 430 1139 476 Quaeque
1170 430 1208 464 in
1240 428 1298 464 his
1322 428 1450 475 vigent
1471 427 1540 464 sub
1561 428 1640 466 alto

202 490 355 534 pangat,
388 486 488 522 hunc
517 486 647 523 laudet
678 487 775 533 lyra.
1021 485 1111 521 solis
1144 491 1178 520 et
1211 485 1322 521 lunae
1354 484 1480 530 globo.

77 614 120 650 2.
155 611 328 648 Christus
346 615 415 658 est,
433 621 542 657 quem
561 621 627 647 rex
646 611 825 648 sacerdos
898 613 935 648 6.
971 610 1149 656 Corporis
1182 609 1341 646 formam
1375 610 1507 646 caduci

203 667 425 705 adfuturum
454 668 628 714 protinus
1025 666 1194 703 membra
1220 667 1331 703 morti
1363 667 1527 703 obnoxia

150 723 339 763 Infulatus
371 724 595 761 concinebat
967 723 1110 769 Induit,
1144 734 1191 759 ne
1223 733 1312 769 gens
1344 724 1487 769 periret

207 792 311 829 voce,
347 780 489 818 chorda
521 785 558 817 et
590 788 784 827 tympano,
1027 779 1269 826 primoplasti
1301 790 1344 816 ex
1378 780 1556 828 germine,

150 838 335 885 Spiritum
368 838 472 874 caelo
502 836 719 874 influentem
968 837 1155 874 Merserat
1189 848 1297 883 quem
1330 837 1391 873 lex
1425 835 1615 882 profundo

204 905 273 941 per
303 894 490 931 medullas
525 894 714 934 hauriens.
1025 893 1186 931 noxialis
1218 898 1377 931 tartaro,

81 1022 116 1059 3.
150 1019 270 1056 Facta
298 1030 365 1056 nos
397 1023 434 1055 et
463 1019 538 1056 iam
570 1020 755 1066 probata·
903 1020 938 1059 7,
972 1019 1001 1057 O
1035 1019 1166 1054 beatus
1199 1024 1304 1055 ortus
1334 1019 1412 1063 illc,

206 1076 406 1123 pangimus
437 1076 635 1119 miracula,
1027 1076 1134 1122 virgo
1167 1087 1249 1112 cum
1282 1085 1470 1121 puerpera

151 1133 277 1170 Testis
310 1138 367 1169 est
398 1132 514 1181 orbis,
546 1144 616 1170 nec
646 1134 730 1181 ipsa
970 1133 1105 1171 Edidit
1136 1137 1304 1169 nostram
1336 1133 1495 1169 salutem

206 1194 324 1236 terra,
357 1190 457 1236 quod
490 1190 601 1239 vidit,
632 1197 757 1237 negat,
1026 1188 1103 1225 feta
1135 1194 1265 1226 sancto
1296 1189 1446 1238 spiritu,

147 1246 364 1284 Comminus
396 1246 516 1283 Deum
551 1247 732 1284 docendis
969 1247 1019 1283 Et
1052 1256 1155 1294 puer,
1190 1246 1410 1292 redemptor
1440 1245 1556 1289 orbis,

205 1303 397 1350 proditum
429 1303 666 1341 mortalibus,
1011 1315 1052 1340 os
1084 1307 1271 1339 sacratum
1306 1303 1464 1349 protulit,

73 1431 110 1468 4.
144 1429 268 1466 Corde
298 1434 409 1465 natus
441 1439 486 1465 ex
517 1430 686 1475 parentis
892 1431 929 1468 8.
964 1429 1109 1465 Psallat
1141 1429 1306 1465 altitudo
1338 1429 1445 1473 caeli,

199 1490 288 1522 ante
321 1486 452 1522 mundi
483 1486 690 1533 exordium,
1021 1486 1186 1532 psallant
1218 1496 1346 1522 omnes
1377 1485 1515 1532 angeli,

142 1542 271 1589 Alpha.
302 1546 337 1579 et
370 1554 403 1579 ω
435 1544 732 1589 cognominatus,
962 1542 1153 1589 Quidquid
1195 1548 1252 1578 est
1285 1542 1436 1579 virtutis
1469 1553 1643 1588 usquam,

199 1599 282 1645 ipse
312 1597 396 1636 fons
429 1604 465 1635 et
496 1600 665 1636 clausula
1022 1600 1163 1645 psallat
1194 1600 1230 1635 in
1263 1599 1414 1636 laudem
1447 1599 1531 1645 Dei,

143 1655 330 1701 Omnium,
363 1666 459 1702 quae
490 1662 588 1700 sunt,
622 1655 775 1693 fuerunt
965 1657 1080 1693 Nulla
1112 1657 1324 1702 linguarum
1357 1656 1523 1705 silescat,

201 1723 370 1760 quaeque
401 1718 487 1760 post
519 1712 646 1750 futura
677 1719 775 1752 sunt.
1023 1724 1094 1750 vox
1127 1719 1161 1748 et
1194 1714 1314 1749 omnis
1347 1718 1539 1750 consonet.

168 1837 299 1878 Hymn.
325 1848 386 1868 ms.
414 1837 448 1869 S.
473 1837 648 1868 Johannis
675 1837 880 1869 Laudunen.
906 1847 995 1869 saec,
1024 1835 1075 1868 10.
1119 1837 1200 1868 cod.
1229 1838 1375 1868 Bernen.
1400 1835 1478 1868 455.
1506 1854 1544 1857 2—
1573 1835 1602 1873 6,
1623 1835 1642 1866 2

77 1883 216 1914 mortali
249 1883 413 1914 obnoxia.
445 1901 489 1904 —
514 1881 543 1923 6,
571 1881 591 1914 5
617 1893 731 1924 quam.
758 1901 801 1904 —
826 1881 857 1921 8,
890 1881 910 1914 2
942 1883 1093 1924 psallite.
1120 1883 1255 1913 Edit.—
1287 1883 1356 1913 Der
1382 1882 1570 1914 Rundreim
1599 1884 1642 1912 ist

76 1927 314 1960 selbstredend
338 1928 436 1959 nicht
458 1939 528 1960 von
552 1928 772 1960 Prudentius.

509 2108 566 2144 28.
604 2110 661 2151 (7.)
698 2109 742 2142 In
769 2108 905 2143 Natali
931 2109 1208 2144 Innocentum.

74 2189 242 2227 (Cathem.
261 2191 340 2230 XII,
370 2187 563 2222 125-1282
594 2188 668 2227 134,
697 2188 770 2225 129,
799 2188 873 2228 130,
902 2188 977 2227 1:32,
1003 2188 1056 2225 93,
1083 2189 1136 2228 94,
1163 2188 1216 2227 97,
1238 2189 1311 2222 101,
1335 2188 1413 2222 102:
1446 2188 1641 2231 lor—11&

454 2234 530 2274 117,
558 2234 632 2275 114,
662 2234 735 2274 113,
766 2234 842 2270 115:
872 2233 946 2272 134,
975 2233 1048 2273 137,
1077 2233 1153 2274 138,
1187 2234 1269 2275 134).

83 2352 117 2387 1.
150 2350 314 2397 Salvete,
345 2349 458 2387 fiores
490 2355 713 2397 martyrum,
897 2353 932 2389 3.
966 2351 1086 2387 Audit
1117 2355 1300 2397 tyrannus
1331 2352 1464 2387 anxius

151 2408 252 2453 Quos
281 2407 376 2443 lucis
407 2407 490 2454 ipso
521 2408 560 2444 in
591 2407 719 2444 limine
967 2407 1114 2444 Adesse
1145 2418 1275 2454 regum
1307 2407 1531 2454 principem.

153 2463 294 2501 Christi
324 2464 518 2501 insecutor
549 2464 700 2501 sustulit
967 2465 1169 2501 Exclamat
1201 2475 1329 2501 amens
1357 2463 1510 2501 nuntio:

150 2520 201 2558 Ut
234 2520 346 2558 turbo
375 2519 552 2558 florentes
584 2531 702 2559 rosas.
969 2521 1142 2565 Ferrum,
1176 2521 1342 2564 satelles,
1375 2520 1524 2567 arripe!

83 2647 121 2685 2.
152 2645 249 2690 Quid
292 2645 434 2682 crimen
465 2645 657 2682 Herodem
695 2644 826 2681 iuvat?
899 2649 936 2683 4.
971 2644 1055 2682 Mas
1086 2647 1207 2681 omnis
1238 2644 1363 2682 infans
1395 2645 1556 2689 occidat,

153 2701 228 2738 Vos
258 2702 382 2748 prima
413 2702 554 2740 Christi
585 2701 751 2747 victima,
969 2701 1148 2738 Scrutare
1178 2703 1368 2738 nutricum
1400 2702 1516 2749 sinus,

153 2757 256 2794 Grex
287 2758 566 2795 immolatorum
599 2763 708 2795 tener
969 2758 1091 2795 Fraus
1123 2769 1169 2795 ne
1197 2770 1270 2804 qua
1293 2757 1421 2794 furtim
1442 2756 1640 2793 subtrahat

154 2814 285 2851 Palma
316 2820 351 2851 et
385 2815 532 2851 coronis
564 2815 711 2853 luditis.
973 2815 1120 2851 Prolem
1153 2815 1272 2851 virilis
1305 2814 1460 2851 indolis,
