1785 3111
752 71 1034 112 -68-

135 191 172 227 3.
210 188 295 225 Hoc
323 193 377 225 est
400 188 514 235 salus,
548 187 647 233 quod
670 185 867 225 vincimur.
953 187 990 224 6.
1023 185 1098 223 Sed
1130 196 1199 223 nec
1229 186 1351 223 minor
1382 190 1533 223 creante
1562 185 1616 223 fit.

206 246 297 283 Cum
330 245 409 281 sola
441 245 545 290 virgo
578 244 742 291 degeret,
1022 243 1125 280 Fons
1157 243 1259 279 dicta
1289 243 1438 279 clausus
1469 242 1622 289 accipit.

206 301 387 348 Concepit
419 311 509 337 aure
540 298 672 346 filium,
1020 298 1123 335 Fons
1163 299 1332 336 membra
1368 299 1516 336 clausus
1548 300 1680 350 egerit,

209 358 392 404 Stupente
424 356 565 393 factum
599 365 757 402 corpore
887 370 891 373 ·
1021 355 1102 392 Nec
1129 356 1225 393 rima
1255 356 1392 392 crescit
1421 356 1541 392 artior

129 451 167 488 4.
205 447 401 494 Turgcscit
433 447 540 483 alvus
570 446 717 492 spiritu.
954 446 990 483 7.
1022 446 1072 483 Et
1106 457 1193 483 vera
1223 447 1350 492 proles
1381 446 1528 484 emicat.

205 506 312 552 Quod
345 504 473 550 lingua
502 503 603 549 iecit,
637 513 763 539 semen
795 506 864 549 est,
1022 502 1106 552 Dic,
1148 507 1270 539 mater
1305 507 1342 539 et
1372 503 1490 550 virgo,
1531 513 1680 554 precor,

203 563 246 599 In
279 571 392 597 carne
422 558 593 596 Verbum
624 559 836 605 stringitur.
1020 560 1272 606 Quisquamne
1303 560 1446 597 claudit
1477 559 1636 597 exiens?

201 618 258 655 De
294 622 414 653 matre
446 620 602 653 cunctus
633 621 762 652 noster
793 619 862 663 est,
1020 619 1208 654 Artantur
1239 620 1327 653 exta
1357 614 1510 662 fetibus,

131 713 171 747 5.
210 708 267 744 De
298 711 407 754 patre
437 707 491 742 nil
523 707 668 743 distans
700 707 814 744 Deus.
954 708 988 744 8.
1022 706 1196 743 Vinclum
1227 707 1384 752 pudoris
1416 710 1524 743 natus
1557 711 1625 744 est.

202 764 390 810 Utrisque
420 768 551 810 partus
582 764 741 810 integer,
1020 760 1142 814 Q[uae
1173 759 1278 813 se]de
1310 763 1452 801 Christi
1484 763 1646 811 dignior,

200 822 270 866 Qui
304 820 422 867 gignit
454 825 488 856 et
521 820 583 866 qui
614 820 790 866 percipit.
1019 820 1137 866 Quam
1169 823 1254 856 sunt
1285 830 1463 866 superna,
1497 819 1677 866 crederis,

197 877 262 914 Nil
294 877 414 914 maior
444 877 509 913 ille
541 876 714 920 servulis,
1019 876 1150 914 Nostri
1180 880 1367 912 memento
1397 880 1641 923 praepotens

198 965 230 1004 4,
259 965 274 997 1
310 966 494 1008 Turgiscet
519 967 556 997 B.
583 983 626 986 —
651 964 683 1004 4,
710 963 730 996 2
755 967 843 997 iecet
868 968 907 998 B.
933 982 976 988 -
1003 964 1034 1005 5,
1059 963 1079 997 3
1105 967 1274 1007 praecipit
1299 967 1338 997 B.
1363 982 1407 986 —
1433 964 1463 1003 5,
1490 963 1511 996 4
1535 966 1613 998 Cnil
1631 967 1680 1007 B;

108 1013 254 1045 servolis
301 1013 340 1042 B.
376 1029 417 1033 —
450 1010 487 1049 6,
521 1010 542 1042 2
575 1011 713 1051 adcepit
744 1012 782 1042 B.
815 1029 861 1033 ——
896 1009 934 1051 6,
967 1010 988 1043 3
1022 1015 1137 1053 egeret
1162 1011 1200 1042 Β.
1226 1028 1270 1032 ——
1296 1009 1325 1049 7,
1352 1009 1373 1043 3
1408 1011 1547 1042 claudet
1570 1012 1610 1042 B.
1636 1030 1679 1034 -—-

109 1056 139 1097 8,
167 1056 188 1089 3
213 1057 380 1089 crederes
404 1058 443 1088 B.
469 1076 510 1079 —
540 1057 720 1097 „Hymnus
746 1061 886 1088 sanctae
915 1058 1058 1095 Mariae,
1085 1056 1196 1088 dictus
1221 1067 1242 1088 a
1267 1056 1392 1088 domno
1419 1055 1614 1088 Ennodio.“
1640 1058 1680 1089 B.

524 1189 584 1225 64.
620 1190 700 1231 (11.)
736 1191 910 1234 Hymnus
936 1190 1068 1226 sancti
1093 1190 1276 1226 Martini.

131 1289 166 1326 1.
201 1288 295 1326 Cum
328 1289 433 1333 gesta
462 1285 622 1322 Martini
649 1285 796 1331 loquor,
952 1289 987 1324 5.
1024 1285 1105 1330 Qua
1137 1290 1240 1322 veste
1270 1285 1411 1322 nudum
1443 1289 1606 1330 texerat,

199 1343 263 1380 Nil
297 1342 410 1380 laude
443 1342 594 1388 dignum
626 1346 789 1383 transeo,
1021 1342 1103 1379 Hac
1134 1352 1201 1379 rex
1232 1341 1378 1378 nitebat
1409 1342 1598 1391 aetheris,

198 1400 334 1437 Divisa
365 1399 483 1435 virtus
516 1398 688 1435 omnibus
1020 1398 1205 1436 Sordente
1235 1409 1359 1444 panno
1391 1398 1617 1448 adquiritur,

200 1457 324 1495 Unum
357 1461 485 1492 coacta
516 1455 709 1501 praetulit.
1017 1456 1097 1502 Quo
1130 1454 1248 1501 fulget
1279 1459 1468 1492 astrorum
1498 1454 1646 1502 globus.

129 1551 166 1588 2.
199 1547 350 1585 Labore
381 1556 516 1592 magno
548 1550 694 1591 martyr
724 1549 778 1580 est
949 1548 985 1583 6.
1017 1547 1134 1592 Quam
1165 1546 1265 1582 iusta
1298 1545 1559 1582 commutatio!

198 1605 352 1640 Victore
383 1602 509 1639 carnis
542 1602 694 1648 spiritu,
1017 1603 1169 1639 Ostrum
1203 1603 1379 1648 rependit
1408 1601 1594 1649 indigens,

199 1661 288 1705 Hoc,
315 1664 373 1696 est
404 1658 605 1705 triumphis
633 1658 859 1706 proximum,
1017 1659 1069 1696 Et
1100 1670 1214 1706 regna
1245 1659 1439 1695 mendicus
1471 1663 1593 1704 parat.

200 1718 238 1755 Si
271 1717 373 1753 bella
405 1716 553 1753 calcent
584 1714 727 1753 intima.
1017 1717 1109 1753 Mox
1141 1727 1249 1753 sacra
1279 1716 1379 1753 vitae
1409 1715 1582 1763 contigit,

130 1811 164 1846 3.
194 1808 387 1846 Perdente
419 1807 518 1844 vires
551 1816 708 1853 corpore
955 1807 989 1844 7.
1021 1807 1078 1843 De
1110 1806 1220 1852 plebe
1255 1807 1345 1842 lusit
1377 1807 1613 1853 daemonum,

195 1866 269 1902 Res
305 1863 380 1900 fixa
414 1867 559 1900 constat
592 1862 744 1909 laureis,
1021 1864 1136 1900 Iussit
1167 1862 1309 1900 favillis
1341 1873 1505 1911 surgere,

197 1921 387 1958 Sublimat
419 1920 563 1956 hostem
593 1919 787 1958 mentium.
1021 1920 1160 1957 Vixere
1189 1924 1294 1956 tactu
1326 1918 1471 1957 funera.

200 1978 269 2023 Qui
303 1983 389 2014 vota
419 1976 671 2012 membrorum
704 1974 810 2013 facit.
1019 1975 1192 2024 Flagella
1222 1987 1355 2022 passus
1387 1980 1443 2012 est
1475 1975 1608 2020 libens,

129 2071 166 2106 4.
198 2068 274 2104 Hic
308 2066 421 2104 fontis
448 2068 570 2114 ignem
603 2066 774 2103 nesciens
953 2067 988 2104 8.
1018 2067 1161 2113 Quibus
1194 2078 1368 2103 coronam
1399 2066 1542 2104 nexuit.

201 2125 337 2161 Calore
369 2122 541 2160 fervebat
571 2124 654 2168 Ilei,
1022 2124 1249 2170 Compulsus
1280 2123 1330 2160 ad
1361 2123 1569 2160 antistitem

198 2181 323 2218 Undis
356 2191 497 2226 vapore
528 2180 676 2216 iunctus
709 2183 779 2227 est,
1022 2181 1156 2216 Votum
1186 2191 1399 2226 repugnans
1430 2179 1566 2226 induit,

197 2237 350 2275 Christo
385 2237 530 2273 dicatus
561 2236 721 2275 actibus,
1021 2237 1127 2282 Quod
1169 2242 1299 2273 sancta
1339 2236 1540 2282 complevit
1572 2235 1678 2275 fides.

202 2326 232 2357 ἑὲ.
260 2325 282 2356 4
308 2327 517 2356 t':1cctli.—
543 2324 572 2360 4,
599 2324 620 2356 4
643 2325 784 2356 docatus
811 2325 849 2356 B.
869 2342 911 2346 —
937 2324 967 2365 5,
993 2324 1014 2356 4
1040 2325 1139 2365 Quod
1164 2326 1202 2356 B.
1220 2343 1263 2346 ——
1289 2324 1318 2362 6,
1347 2324 1367 2357 2
1384 2325 1525 2356 Ostrum
1551 2325 1681 2367 korrig.

112 2374 146 2403 in
179 2377 308 2403 astrum
336 2373 374 2402 15.
403 2389 445 2391 -ν
476 2372 511 2402 8,
547 2370 567 2401 2
598 2372 797 2401 antestitem
822 2371 861 2402 B.
888 2387 932 2391 —
965 2372 1146 2412 „Hymnus
1180 2373 1292 2402 sancti
1317 2371 1481 2409 Martini,
1516 2370 1627 2401 dictus
1661 2380 1681 2402 a

109 2418 237 2449 domno
264 2416 459 2448 Ennodio.··
489 2418 525 2447 Β.

511 2527 570 2562 65.
608 2527 687 2568 (12.)
723 2528 897 2570 Hymnus
924 2526 1055 2562 sancti
1086 2526 1285 2570 Dionysii.

127 2623 162 2659 1.
195 2621 379 2668 Dionysio
418 2620 590 2657 Christus
623 2620 729 2656 dedit
950 2623 987 2659 2.
1021 2620 1263 2658 Constantius
1295 2624 1417 2657 vatem
1449 2621 1531 2658 loco

199 2680 297 2723 Quot
329 2677 441 2719 bella,
475 2681 530 2713 tot
561 2677 760 2723 victorias,
1020 2677 1215 2722 Quondam
1246 2680 1428 2723 tyrannus
1459 2677 1628 2727 expulit,

197 2734 316 2771 Exsul
350 2734 496 2780 piorum
530 2733 621 2769 civis
654 2738 722 2779 est,
1019 2733 1105 2771 Non
1136 2733 1248 2769 cessit
1278 2733 1351 2770 iste
1380 2733 1547 2782 turbido,

199 2790 315 2828 Urbis
346 2800 531 2836 supernae
562 2790 766 2836 particeps.
1020 2789 1150 2827 Crevit
1181 2789 1360 2835 periculis
1390 2789 1498 2826 fides.
