1785 3111
762 85 1040 124 —44-

393 201 432 238 2.
479 200 568 245 Ipse
599 209 682 234 cum
714 201 869 244 portans
900 208 993 234 onus
1024 196 1247 244 impeditum

482 255 662 301 Corporis
696 255 809 290 duros
841 254 974 291 tuleris
1005 253 1167 303 labores,

477 311 604 349 Maior
635 311 818 357 exemplis
849 309 1000 347 famulis
1032 311 1189 347 remisso

720 369 906 414 Dogmate'
936 368 1082 413 palpas,

394 460 432 497 3.
478 458 588 495 Nona
619 457 843 494 submissum
875 461 974 494 rotat
1006 457 1098 494 hora
1129 457 1245 493 solem

476 513 654 553 Partibus
686 514 841 551 vixdum
868 514 989 550 tribus
1022 513 1193 562 evolutis,

477 572 619 618 Quarta
651 570 795 607 devexo
826 574 999 617 superest
1029 569 1067 606 in
1099 580 1170 607 axe

770 627 899 665 Portio
930 627 1036 666 lucis,

394 720 431 756 4.
479 717 558 755 Nos
589 717 715 754 brevis
747 717 823 754 voti
856 717 953 764 dape
986 717 1175 754 vindicata

479 774 667 813 Solvimus
699 772 835 811 festum
868 773 1101 820 fruimurque
1134 773 1274 809 mensis

479 829 651 868 Adfatim
683 831 818 877 plenis7
851 831 986 877 quibus
1018 830 1208 867 imbuatur

731 888 853 924 Prona
884 888 1069 934 voluptas

398 981 435 1017 5.
481 979 624 1016 Tantus
654 978 799 1015 aeterni
831 976 939 1015 favor
970 983 1026 1014 est
1058 978 1241 1025 magistri,

481 1035 625 1072 Doctor
655 1035 855 1081 indulgens
886 1035 939 1071 ita
969 1046 1036 1072 nos
1068 1035 1188 1071 amieo

481 1092 616 1129 Lactat
647 1091 811 1137 hortatu,
844 1091 939 1128 levis
970 1091 1173 1137 obsequela
1205 1096 1244 1127 ut

748 1149 915 1185 Mulceat
947 1154 1064 1185 artus.

397 1242 432 1278 6.
476 1240 599 1277 Addit
630 1243 679 1286 et⁷
712 1249 757 1274 ne
788 1239 871 1285 quis
904 1239 993 1276 velit
1024 1239 1222 1275 invenusto

482 1296 667 1333 Sordidus
701 1296 802 1331 cultu
834 1296 1004 1333 lacerare
1036 1294 1209 1342 frontem,

481 1353 556 1390 Sed
589 1353 702 1389 decus
735 1353 859 1389 vultus
889 1352 1098 1399 capitisque
1130 1362 1267 1398 pexum

724 1408 853 1445 Comat
886 1409 1076 1446 honorem.

481 1500 603 1546 Terge
634 1500 816 1544 ieiunans,
850 1499 915 1543 ait,
949 1510 1058 1535 omne
1092 1509 1241 1545 corpus,

482 1557 588 1593 Neve
620 1556 805 1593 subducto
837 1554 971 1592 faeiem
1005 1555 1143 1592 rubore

480 1615 623 1651 Luteus
656 1612 775 1659 tingat
808 1613 911 1649 color
941 1617 1005 1649 aut
1036 1617 1188 1649 notetur

751 1669 879 1707 Pallor
909 1669 946 1705 in
978 1680 1055 1707 ore.

399 1502 418 1538 «Ἰ

401 1762 438 1800 8.
485 1761 640 1797 Rectius
671 1760 770 1796 laeto
802 1759 961 1807 tegimus
994 1759 1152 1805 pudore,

474 1817 665 1863 Quidquid
696 1817 744 1852 ad
777 1816 916 1852 cultum
949 1816 1070 1862 patris
1102 1816 1340 1862 exhibemus3

482 1873 611 1910 Cernit
641 1873 827 1909 oecultum
862 1872 961 1908 Deus
994 1878 1029 1908 et
1062 1874 1241 1909 latentem

749 1930 908 1966 Munere
941 1929 1069 1966 donat.

219 2021 348 2060 Hymn.
379 2031 439 2049 nis.
466 2020 499 2050 S.
526 2019 691 2049 Iohanni>-
726 2019 926 2050 Laudunen.
954 2028 1042 2049 saec.
1072 2017 1123 2050 10.
1167 2018 1248 2049 Cod.
1276 2019 1419 2049 ssernen.
1446 2014 1522 2048 455*
1550 2034 1592 2037 ——
1613 2013 1640 2053 1,
1669 2013 1685 2047 1

127 2065 264 2098 Christe
291 2068 499 2095 sanctorum.
526 2082 568 2085 —
594 2064 624 2100 2,
656 2063 668 2094 l
698 2075 784 2095 onus
811 2063 1104 2104 impedimentum.
1130 2079 1173 2084 —-
1199 2061 1229 2101 2,
1255 2061 1276 2095 2
1303 2063 1465 2104 Corporis
1491 2072 1529 2093 os
1554 2061 1687 2092 tuleris.

122 2125 164 2132 -
194 2108 225 2150 ‘27
252 2109 273 2141 4
298 2111 456 2141 Domate.
483 2127 526 2131 —
552 2108 582 2147 25,
612 2109 626 2140 1
655 2115 740 2141 rota.
767 2127 808 2130 β
838 2107 869 2146 5,
897 2107 918 2140 3
944 2109 1150 2150 obsequilla.
1179 2127 1221 2131 -
1247 2107 1278 2147 8,
1303 2107 1325 2139 4
1350 2108 1476 2140 domat.

552 2232 609 2267 46.
646 2232 726 2273 (19.)
763 2232 910 2267 Versus
936 2232 1030 2266 anie
1059 2231 1259 2267 Somnum.

693 2290 863 2327 (Cathem.
889 2291 947 2326 Vl,
978 2288 1108 2329 1-32).

141 2374 177 2412 1.
209 2373 328 2420 Ades,
360 2375 471 2418 pater
500 2381 686 2417 supreme,
954 2373 990 2409 3.
1024 2371 1154 2407 Fluxit
1184 2370 1293 2407 labor
1325 2370 1410 2412 diei,

207 2432 324 2476 Quem
356 2439 465 2466 nemo
497 2428 594 2465 vidit
623 2438 800 2475 unquam,
1023 2426 1140 2465 Redit
1171 2431 1207 2463 et
1237 2427 1373 2473 quietis
1407 2426 1510 2474 hora,

210 2487 411 2531 Patrisque
441 2495 564 2521 sermo
596 2484 744 2521 Christe
1024 2484 1194 2521 Blandus
1225 2494 1339 2529 sopor
1371 2482 1537 2520 vicissim

211 2543 259 2580 Et
293 2541 449 2588 spiritus
480 2541 651 2587 benigne.
1023 2542 1160 2578 Fessos
1192 2540 1338 2576 relaxat
1368 2542 1484 2576 artus.

138 2635 174 2672 2.
208 2633 237 2670 Ο
269 2631 450 2668 trinitatis
481 2631 589 2668 huius
953 2633 991 2669 4.
1023 2631 1133 2667 Mens
1164 2633 1342 2666 aestuans
1372 2627 1551 2675 procellis

210 2689 276 2726 Vis
308 2699 393 2734 una,
425 2688 551 2724 lumen
582 2698 708 2733 unum,
1023 2686 1208 2732 (jurisque
1239 2685 1407 2722 sauciata

208 2746 311 2782 Deus
343 2755 388 2781 ex
421 2744 501 2782 Deo
532 2744 723 2793 perennis⁷
1023 2743 1129 2780 Totis
1160 2741 1255 2779 bibit
1287 2740 1463 2778 medullis

210 2802 312 2839 Deus
344 2811 390 2838 ex
422 2805 580 2847 utroque
611 2800 759 2838 missus.
1024 2799 1211 2837 Obliviale
1242 2799 1405 2844 poclum.
