1785 3111
360 198 397 236 5.

770 79 1078 120 -128—

444 195 607 243 Angusti
639 205 752 232 cunas
784 194 942 242 pertulit
972 194 1173 243 praesepii,

439 253 569 290 Foeno
598 252 724 288 iacere
754 262 829 288 non
859 250 1041 288 abhorret
1072 251 1269 295 Dominus,

442 309 594 347 Summa
626 308 689 355 qui
720 308 841 355 patris
874 307 1031 344 sedebat
1063 307 1101 344 in
1135 308 1305 355 dextera,

684 364 766 401 Rex
798 364 1032 411 angelorum.

364 470 401 507 6.
448 467 590 506 Pannis
621 467 778 516 velatus,
815 466 878 502 vili
911 465 1064 502 strictus
1096 463 1227 512 fascia,

365 1286 403 1323 9.

332 1560 397 1597 10.

332 1833 396 1871 11.

336 2104 401 2142 12.

337 2376 355 2413 1
364 2378 401 2413 tf),

338 2636 402 2675 14.

443 524 615 561 Inclusus
646 523 775 570 parvis
807 521 1033 559 lacrimabat
1067 522 1226 571 cunulis,

446 581 574 618 Mater
604 580 717 617 beata
748 583 880 616 sancta
911 578 1049 625 premit
1079 578 1197 615 ubera

687 636 744 673 De
777 636 880 673 caelo
912 636 1038 682 plena.

394 769 402 778 .
449 740 609 777 Sanctus
641 743 812 776 sacratae
845 737 1064 775 fecundavit
1095 737 1252 783 spiritus

446 796 611 844 Virginis
642 796 805 841 vulvam„
840 796 995 832 verbum
1028 804 1115 831 caro
1147 792 1288 830 factum
1320 796 1389 839 est,

446 853 496 891 Et
528 853 715 890 habitavit.
744 853 782 889 in
813 852 922 889 nobis
953 851 1202 901 omnipotens,

689 909 811 946 Filius
843 908 928 947 Dei.

451 1011 608 1049 Gabriel
639 1015 727 1048 ante
757 1014 794 1046 te
825 1010 1018 1057 praedixit
1050 1010 1216 1055 angelus,

447 1069 606 1114 Quando
640 1067 786 1104 felicem
820 1067 1000 1104 salutavit
1031 1066 1227 1113 virginem.

448 1125 591 1172 Paries,
625 1125 759 1171 inquit,
791 1123 922 1169 filium,
955 1123 1179 1160 Emmanuel

690 1182 836 1218 Nomen
868 1180 1037 1218 habebit.

452 1284 631 1320 Pastores
664 1287 771 1319 erant
801 1282 984 1329 proximis
1013 1282 1051 1318 in
1083 1281 1234 1328 pascuis

447 1340 620 1378 Bethlem
650 1340 698 1377 ad
730 1339 874 1384 urbem⁷
907 1339 1029 1375 noctis
1061 1338 1129 1375 sub
1162 1337 1312 1374 silentio

447 1397 647 1435 Instabant
680 1407 766 1433 suos
799 1407 915 1442 supra
944 1406 1075 1441 greges
1107 1395 1261 1443 vigiles3

689 1453 719 1491 O
751 1464 861 1499 quam
894 1452 1015 1489 beati!

443 1558 606 1596 Claritas
638 1557 709 1594 Dei
742 1556 861 1594 cinxit
891 1556 977 1592 illos
1010 1554 1178 1603 fulgida3

447 1615 616 1661 Angelus
647 1614 791 1660 inquit:
826 1613 942 1649 nolite
974 1622 1191 1659 pavescere,

451 1672 523 1717 En⁷
557 1682 624 1718 ego
656 1671 767 1707 modo
799 1680 973 1718 magnum
1005 1679 1166 1715 namque
1197 1668 1374 1715 gaudium

690 1727 832 1765 Nuntio
865 1726 983 1771 vobis,

444 1831 531 1868 Erit
562 1829 662 1877 quod
693 1829 795 1866 omni
825 1828 976 1865 saeculo
1008 1826 1193 1871 mirabile,

447 1887 574 1925 Hodie
605 1886 692 1933 quia
723 1885 829 1922 vobis
861 1885 1034 1923 Christus
1067 1884 1249 1921 Dominus

446 1945 568 1982 Natus
600 1948 657 1980 est
690 1943 876 1985 Bethlem,
907 1941 1067 1978 Davidis
1098 1941 1136 1977 in
1167 1939 1322 1987 oppido,

691 2000 867 2036 Salvator
897 1997 1041 2036 mundi.

447 2104 532 2140 Hoc
562 2101 670 2139 vobis
702 2101 847 2147 signum
880 2100 974 2137 erit:
1007 2099 1045 2135 in
1077 2098 1276 2145 praesepio

448 2158 637 2196 Infantem
669 2158 804 2205 pannis
836 2157 1044 2193 involutum
1078 2154 1240 2201 positum

447 2216 652 2253 Invenietis
685 2225 768 2251 cum
798 2213 924 2251 'Maria
955 2213 1111 2261 pariter,

690 2272 816 2308 Matre
848 2270 971 2307 beata.

449 2374 582 2411 Subito
615 2372 716 2410 faeta
746 2371 927 2420 fulgentis
959 2371 1116 2407 militiae

450 2431 521 2468 Est
552 2430 755 2467 multitudo
787 2428 961 2466 caelestis
993 2427 1182 2465 exercitus

447 2487 593 2524 Eodem
626 2487 736 2523 simul
768 2486 901 2532 angelo
933 2495 1015 2521 cum
1047 2483 1218 2520 flammeo

694 2542 816 2580 Valde
848 2542 1058 2589 praeclara.

451 2633 583 2671 Gloria
612 2633 692 2669 Deo
723 2632 760 2669 in
793 2632 953 2669 excelsis
984 2631 1112 2668 sidera

448 2691 568 2727 Plena
598 2688 795 2733 sonabant,
830 2700 903 2735 pax
936 2692 974 2725 et
1003 2688 1041 2724 in
1072 2684 1286 2723 hominibus

449 2746 618 2784 Auditur
650 2745 770 2782 bonae
802 2745 1008 2782 voluntatis
1039 2742 1193 2781 vocibus

696 2803 739 2839 In
770 2806 873 2838 terra
903 2800 1057 2838 sanctis.
