1785 3111
722 56 1033 96 —417—

453 237 528 268 XV.
568 237 725 267 Oratio
759 235 809 267 ad
846 240 987 268 totam
1020 238 1284 269 trinitatem.

177 315 277 346 Assis
303 324 396 356 ergo⁷
422 315 512 347 bone
540 315 646 352 Deus,
998 314 1077 348 Nisi
1104 316 1216 355 fidem,
1243 326 1347 357 quam
1372 316 1537 356 defendo3

177 361 229 391 Ne
255 360 444 402 desperem,
473 361 631 402 quamvis
657 369 746 398 reUS,
999 362 1083 393 Fide
1108 363 1229 393 vivens
1256 361 1320 393 hac
1347 362 1505 404 imploro,

181 407 272 437 Reus
299 407 421 437 mortis
446 416 515 437 non
541 405 697 446 despero,
1000 408 1095 438 Leva
1119 408 1259 445 fascem,
1286 419 1355 450 qua
1381 408 1514 440 laboro.

180 450 247 483 Sed
273 452 309 482 in
335 454 444 482 morte
469 452 576 482 vitam
602 460 743 492 quaere.
999 453 1065 484 Per
1091 453 1155 483 1100
1180 463 1315 484 sacrum
1342 453 1558 494 cataplasma

130 494 150 528 5
177 497 253 536 Quo
278 500 312 528 te
337 496 483 538 placem,
510 496 559 527 nil
586 496 775 538 praetendo
935 496 974 529 10
1001 499 1231 530 Convalescat
1257 508 1399 541 aegrum
1426 499 1570 540 plasma.

524 622 615 653 XVI.
642 622 800 653 Oratio
836 627 994 653 eontra
1027 633 1215 654 carnem.

174 701 285 733 Extra
308 704 444 743 portam
470 702 540 732 iam
565 701 718 732 delatum
996 703 1088 734 Hinc
1116 703 1281 741 assultus,
1309 703 1389 735 inde
1410 704 1544 743 fluctus,

174 747 248 778 Iam
273 747 459 779 foetentem
487 746 696 778 tumulatum
924 745 968 779 ‘20
994 750 1086 779 Hinc
1112 752 1146 779 et
1171 748 1251 779 inde
1277 758 1369 779 mors
1395 753 1429 780 et
1453 750 1578 781 luctus.

174 792 337 824 Vinclum
362 792 458 834 ligat,
489 792 579 833 lapis
607 795 725 832 urgetff,
994 793 1060 825 Sed
1086 797 1132 832 tu,
1160 794 1249 825 bone
1275 801 1393 832 nauta,
1420 796 1512 831 veni,

174 838 211 868 Si
235 841 274 869 tu
298 838 410 876 iubes,
435 837 493 869 hic
518 843 684 879 resurget.
992 840 1114 870 Preme
1138 842 1272 877 ventos,
1298 849 1394 871 mare
1418 840 1499 878 leni,

125 881 148 914 5
176 883 271 923 Iube,
297 883 389 925 lapis
418 883 625 920 revolvetur,
994 885 1071 925 Fac,
1098 882 1291 916 abscedant
1319 884 1355 915 hi
1387 887 1532 927 piratae,

172 929 267 966 Iube,
294 928 449 959 vinclum
475 928 694 966 dissolvetur,
994 931 1070 961 Duc
1095 930 1138 961 ad
1166 933 1303 971 portum
1330 931 1429 962 salva
1455 935 1538 963 rate.

169 974 236 1005 Per
261 977 294 1006 te
317 984 438 1006 verum
464 974 682 1006 Salvatorem
922 974 964 1007 25
990 976 1180 1007 Infecunda
1206 986 1282 1007 mea
1307 976 1405 1015 ficus,

170 1019 297 1051 Foetor
321 1030 417 1051 meus
442 1020 478 1050 in
504 1019 654 1057 odorem,
990 1022 1096 1053 Cuius
1123 1031 1239 1053 ramus
1266 1033 1352 1063 pene
1379 1024 1501 1059 siccus,

167 1065 262 1096 Mors
287 1066 325 1096 in
347 1065 458 1096 vitam
483 1067 714 1103 convertetur,
989 1067 1174 1101 Incidetur,
1203 1068 1415 1105 incendetur,

103 1107 145 1142 10
170 1110 208 1142 Si
235 1120 255 1142 a
279 1113 312 1142 te
338 1112 594 1152 praecipietur3
990 1113 1025 1143 Si
1053 1113 1264 1153 promulgas,
1290 1114 1382 1155 quod
1408 1118 1570 1145 meretur.

168 1155 336 1187 Exiturus
362 1157 474 1188 nescit
498 1165 623 1193 moraS,
989 1158 1055 1190 Sed
1083 1157 1149 1188 hoc
1174 1169 1265 1189 anno
1291 1159 1497 1197 dimittatur,

166 1201 359 1243 Postquam
384 1202 533 1233 clamas:
560 1201 648 1232 Veni
673 1200 778 1232 foras.
920 1201 963 1235 30
990 1204 1216 1241 stercoretur,
1243 1204 1411 1244 fodiatur,

168 1246 263 1289 Ergo
289 1247 403 1279 clama
427 1257 513 1280 voce
537 1246 630 1284 forti,
990 1249 1123 1288 Quodsi
1149 1249 1295 1281 necdum
1322 1251 1556 1291 respondebit,

169 1293 354 1325 Violentus
381 1296 453 1325 esto
480 1293 583 1324 morti
990 1294 1093 1326 Flens
1119 1294 1183 1326 1100
1209 1295 1297 1333 dico,
1323 1298 1405 1326 tunc
1431 1297 1576 1328 ardebit.

108 1335 148 1369 15
174 1337 364 1379 Captivans
389 1340 640 1380 captivitatem,
989 1340 1065 1371 Hoc
1091 1344 1220 1381 averte,
1245 1341 1395 1373 clemens
1424 1343 1528 1381 Deus,

170 1384 267 1415 Dans
293 1384 434 1425 captivo
460 1384 668 1415 libertatem.
989 1386 1040 1417 Ne
1067 1386 1266 1424 succendar,
1294 1389 1454 1428 quamvis
1481 1398 1578 1427 reus3

168 1429 210 1460 In
234 1429 300 1460 hoe
325 1429 399 1460 salo
426 1439 501 1461 mea
526 1430 612 1460 ratis
921 1430 962 1463 35
989 1431 1042 1462 Tu
1068 1432 1103 1461 in
1129 1432 1237 1462 risum
1264 1435 1362 1463 verte
1388 1432 1529 1471 luctum,

168 1475 356 1506 Infestatur
380 1484 400 1506 3
426 1476 561 1517 piratiS,
987 1477 1175 1508 Infecundo
1203 1482 1385 1518 praestans
1411 1479 1570 1511 fructum.

505 1600 619 1632 XVII.
658 1602 814 1632 Oratio
849 1605 1012 1632 contra
1046 1601 1226 1634 hostem.

169 1680 278 1710 Vetus
302 1679 414 1711 hostis
439 1680 477 1710 in
501 1691 555 1712 me
580 1681 674 1719 furit,
986 1682 1039 1713 Ab
1065 1681 1129 1712 hac
1156 1686 1252 1723 peste
1280 1683 1377 1715 solve
1404 1687 1562 1722 mentem,

169 1725 279 1765 Aquis
303 1726 435 1763 mersit,
460 1725 609 1757 flammis
636 1727 714 1764 urit,
988 1728 1057 1758 Fac
1082 1727 1245 1758 devotum
1275 1730 1520 1770 paenitentem,

168 1769 254 1801 Inde
279 1770 449 1812 languens
476 1774 510 1802 et
534 1771 695 1803 adflictus
991 1774 1047 1804 Da
1071 1774 1243 1811 timorem,
1271 1785 1339 1815 quo
1367 1776 1519 1814 proiecto

169 1815 251 1847 Tibi
277 1816 344 1847 soli
370 1826 446 1847 sum
472 1817 625 1848 relictus.
991 1819 1042 1849 De
1068 1818 1181 1849 salute
1210 1819 1260 1850 nil
1288 1821 1457 1852 coniecto.

123 1857 144 1890 5
169 1861 218 1893 Ut
241 1861 299 1892 hic
323 1861 435 1893 hostis
461 1866 657 1901 evanescat,
923 1863 965 1896 15
990 1864 1046 1895 Da
1072 1874 1177 1905 spem,
1204 1863 1316 1903 fidem,
1344 1867 1536 1905 caritatem,

169 1907 219 1939 Ut
243 1906 399 1938 infirmus
425 1907 657 1946 convalescat,
991 1910 1046 1941 Da
1071 1910 1256 1941 discretam
1284 1912 1461 1952 pietatem,

170 1952 224 1984 Tu
248 1953 413 1984 virtutem
441 1954 620 1985 ieiunandi
992 1956 1047 1986 Da
1071 1958 1307 1997 contemptum
1332 1960 1560 1996 terrenorum,

169 1998 241 2029 Des
265 1996 402 2029 infirmo
430 2001 464 2030 et
488 1999 622 2031 orandi.
992 2001 1195 2042 Appetitum
1221 2012 1459 2042 supernorum,

170 2043 238 2074 Per
262 2042 348 2075 haec
371 2043 439 2075 duo
466 2044 605 2076 Christo
630 2048 718 2076 teste
993 2047 1084 2078 Seda
1110 2046 1200 2085 lites,
1225 2047 1280 2078 fac
1305 2058 1368 2079 nos
1393 2049 1505 2087 mites,

103 2086 144 2120 10
168 2089 362 2120 Liberabur
386 2089 430 2121 ab
456 2089 521 2121 hac
548 2094 655 2132 peste.
923 2090 967 2124 20
992 2093 1086 2131 Quos
1112 2093 1149 2123 in
1175 2094 1269 2123 omni
1296 2093 1388 2124 bona
1413 2093 1514 2125 dites.

590 2216 686 2247 XIX.
724 2216 890 2248 Contra
925 2227 1017 2248 mun
1030 2217 1050 2248 d
1063 2228 1083 2248 u
1096 2228 1138 2248 m.

172 2292 252 2324 Iesu
277 2293 426 2329 Christe,
451 2293 502 2326 fili
528 2295 606 2332 Dei,
991 2297 1044 2327 Tu
1070 2298 1105 2327 in
1130 2299 1205 2328 arto
1236 2298 1412 2336 liberator,

170 2338 212 2369 In
239 2342 273 2370 te
297 2338 398 2371 fidem
426 2340 541 2371 cordis
566 2341 645 2379 mei,
991 2342 1044 2372 Tu
1070 2343 1106 2372 in
1131 2342 1233 2382 lapsu
1259 2343 1442 2383 relevator,

172 2384 214 2415 In
239 2387 273 2415 te
299 2385 391 2416 iacto
419 2386 622 2427 cogitatum,
925 2385 965 2418 15
990 2388 1122 2418 Metum
1146 2392 1305 2429 praestas
1331 2390 1367 2420 in
1392 2389 1560 2430 profectu,

172 2429 253 2461 Tibi
278 2430 389 2461 subdo
418 2441 472 2462 me
497 2434 720 2472 prostratum.
992 2433 1095 2474 Spem
1121 2443 1308 2465 conservas
1334 2435 1371 2465 in
1396 2435 1541 2466 defectu.

125 2472 145 2506 5
170 2474 309 2514 Totum,
333 2476 440 2516 Deus,
466 2476 502 2506 in
528 2480 561 2507 te
587 2487 698 2518 spero,
992 2477 1028 2509 Si
1053 2479 1132 2520 quis
1157 2479 1276 2518 laedit,
1303 2483 1341 2510 tu
1366 2480 1538 2522 rependis,

170 2520 276 2560 Deus,
302 2531 344 2553 ex
367 2524 402 2554 te
426 2524 538 2553 totum
564 2531 704 2563 quaero,
991 2524 1028 2555 Si
1054 2525 1215 2565 minatur,
1244 2529 1281 2556 tu
1306 2525 1473 2561 defendis,

169 2565 223 2597 Tu
246 2565 324 2597 laus
348 2577 437 2606 mea,
463 2577 575 2598 meum
603 2567 741 2605 bonum,
989 2569 1090 2608 Quod
1115 2574 1167 2601 est
1191 2580 1331 2612 anceps,
1358 2574 1395 2602 tu
1420 2571 1596 2611 dissolvis,

171 2609 304 2642 Cuncta
328 2622 406 2644 mea
431 2617 529 2644 tuum
555 2612 694 2644 donum.
920 2611 963 2646 20
990 2614 1088 2653 Quod
1115 2616 1311 2658 tegendum,
1337 2619 1375 2647 tu
1400 2617 1565 2649 involvis.

170 2655 224 2687 Tu
249 2656 405 2690 solamen
430 2659 467 2689 in
492 2657 623 2696 dolore,
988 2660 1041 2691 Tu
1067 2662 1202 2702 aspiras
1229 2661 1320 2693 velle
1345 2665 1487 2699 rectum,

108 2697 148 2732 10
172 2701 394 2735 Medicamen
420 2704 457 2734 in
485 2703 663 2745 languore,
988 2705 1089 2737 Velle
1114 2707 1282 2738 transfers
1308 2708 1343 2738 in
1370 2706 1539 2745 effectum,

171 2746 224 2778 Tu
248 2747 286 2777 in
311 2748 408 2780 luctu
432 2759 509 2781 mea
533 2749 620 2788 lyra,
990 2750 1039 2782 Ut
1064 2762 1134 2782 non
1154 2753 1190 2782 in
1216 2762 1251 2784 se
1279 2752 1459 2793 glorietur.

174 2791 228 2822 Tu
252 2791 402 2825 lenimen
428 2805 463 2826 es
490 2794 527 2825 in
552 2795 615 2832 ira,
990 2796 1158 2838 Quisquis
1182 2808 1301 2829 verum
1329 2798 1494 2828 intuetur.

151 2849 317 2883 Dreves,
342 2852 549 2879 Lateinische
570 2852 851 2886 Hymnendichter
888 2854 931 2880 ΙΙ.
1401 2851 1443 2884 27
