1785 3111
153 425 194 462 1.
225 424 347 461 Adest
381 423 460 460 dies
493 428 644 460 sanctus
676 424 748 461 Dei

225 481 338 518 Claro
369 480 616 526 resplendens
648 481 799 529 lumine,

223 538 302 582 Quo
334 537 456 573 victor
485 537 534 574 ad
565 537 689 574 caelos
721 543 854 583 potens

223 594 304 631 Rex
337 593 508 631 Christus
547 594 741 630 exsultans
773 595 881 640 petit.

157 970 193 1006 3.
227 968 309 1005 Hoc
340 976 429 1004 tunc
461 968 633 1004 videntes
664 968 858 1014 principes
975 970 1012 1006 ὅ.
1045 969 1074 1005 O
1109 979 1173 1005 rex
1205 978 1391 1014 supernae
1422 967 1576 1014 gloriae,

226 1025 327 1062 Hinc
358 1024 627 1071 obstupescunt
660 1026 845 1072 protinus,

227 1082 316 1127 Quis
349 1081 395 1117 sit
426 1085 573 1129 tonans,
607 1081 854 1127 interrogant,

226 1139 338 1175 Tanti
371 1138 476 1174 ducis
509 1138 569 1174 hic
600 1138 794 1175 transitus.

233 1513 416 1545 Browerus
443 1523 474 1554 p.
502 1510 560 1551 733
588 1512 769 1543 Diinnnler
795 1512 839 1550 ΙΙ,
866 1510 942 1544 249.
969 1530 1013 1534 -
1039 1512 1116 1553 Vgl.
1142 1511 1311 1543 Analecta
1337 1511 1416 1549 ΧΠ,
1444 1509 1498 1542 31.

761 116 817 123 .-
879 94 955 133 192
1018 118 1067 122 m

544 261 624 297 142.
665 262 744 304 (11.)
780 261 825 295 In
850 261 1091 297 Ascensione
1117 262 1290 297 Domini.

746 331 807 362 Ad
839 331 870 362 V
881 342 923 374 es
935 342 983 373 pe
995 342 1096 364 rum.

183 727 190 735 .
224 696 339 742 Quem
361 695 473 732 turba
494 701 583 732 tunc
605 706 687 732 cum
706 696 883 732 laudibus
970 699 1006 735 5.
1041 696 1217 733 Claustra
1240 701 1297 733 ast
1315 700 1448 743 patent
1463 706 1551 732 mox
1566 695 1702 744 omnia,

223 752 378 789 Fortem
409 753 597 789 resultans
630 753 841 801 praedicat,

223 809 364 858 Regem
398 809 693 855 triumphantem
726 820 884 855 sequens

224 867 347 903 Intrat
379 866 551 912 polorum
583 866 727 904 ianuas.

511 1241 547 1278 7.
579 1240 639 1277 Da
670 1250 787 1286 spem,
822 1239 936 1276 fidem
968 1245 1004 1276 et
1036 1239 1273 1288 catholicam,

580 1296 639 1334 Da
671 1297 840 1333 caritatis
872 1307 1039 1342 munera,

524 1377 528 1379 -
581 1353 718 1391 Grates
752 1354 833 1400 pias
867 1354 938 1389 rite
966 1358 1007 1389 ut
1039 1353 1109 1389 tibi

582 1410 803 1447 Reddamus
835 1411 935 1446 omni
967 1415 1149 1455 tempore.

546 1669 627 1705 143.
664 1669 742 1711 (12).
780 1669 825 1703 In
850 1667 1093 1703 Ascensione
1119 1667 1296 1703 Domini.

729 1739 790 1770 Ad
821 1739 943 1770 Matu
956 1740 1107 1769 tinum.

404 1832 438 1869 1.
485 1833 641 1869 Festum
673 1841 772 1867 nunc
804 1830 952 1867 celebre
983 1840 1193 1876 magnaque
1224 1829 1363 1876 gaudia

405 2106 426 2140 10

435 2132 443 2141 .

489 1888 728 1934 Compellunt
760 1888 902 1924 animos
934 1887 1102 1923 carmina
1133 1897 1319 1933 promere,

489 1945 581 1981 Cum
613 1944 786 1981 Christus
818 1944 949 1980 solium
983 1943 1133 1980 scandit
1164 1943 1213 1980 ad
1245 1943 1417 1991 arduum,

617 2000 816 2038 Caelorum
849 2001 933 2046 pius
965 2000 1123 2039 arbiter.

490 2103 718 2140 Conscendit
751 2102 915 2139 iubilans
946 2103 1067 2139 laetus
1098 2102 1148 2139 ad
1179 2101 1346 2150 aethera,

488 2159 711 2196 Sanctorum
745 2159 906 2205 populus
938 2158 1136 2205 praedicat
1168 2158 1353 2206 inclitum,

488 2216 660 2253 Concinit
691 2216 836 2262 pariter
867 2215 1059 2261 angelicus
1093 2215 1229 2252 chorus

617 2273 782 2309 Victoris
814 2272 902 2309 boni
933 2272 1106 2318 gloriam.

488 2375 559 2420 Qui
587 2375 773 2411 scandens
805 2384 962 2420 superos
993 2373 1144 2409 vincula
1175 2372 1362 2419 vinxerat,

488 2432 642 2468 Donans
673 2430 873 2477 terrigenis
904 2440 1060 2466 munera
1090 2429 1265 2475 plurima,

489 2487 696 2524 Districtus
728 2488 849 2523 rediet
881 2486 1026 2523 arbiter
1057 2486 1235 2530 omnium,

616 2544 686 2590 Qui
718 2544 818 2580 mitis
850 2544 960 2580 modo
992 2542 1156 2579 transiit.

487 2647 658 2694 Oramus,
690 2645 863 2693 Domine,
898 2644 1071 2682 conditor
1101 2644 1242 2691 inclite,

488 2703 654 2739 Devotos
688 2700 848 2738 famulos
879 2701 1027 2747 respice
1058 2705 1273 2747 protegens,

489 2759 547 2795 Ne
578 2770 645 2795 nos
677 2758 775 2795 livor
806 2758 903 2795 edax
938 2757 1129 2794 daemonis
1161 2756 1296 2793 obruat

616 2814 820 2862 Demergat
855 2814 914 2852 vel
944 2815 983 2850 in
1013 2811 1171 2850 inferos.

972 426 1009 463 4.
1044 424 1224 461 Reddunt
1264 424 1399 471 quibus
1430 435 1516 461 mox
1548 423 1705 470 praevia

1040 481 1146 517 Haec
1176 482 1393 528 angelorum
1425 486 1505 517 tum
1531 481 1701 527 agmina:

1045 538 1153 585 „Rex
1185 538 1327 584 gloriae
1359 536 1481 584 fortis,
1512 542 1661 583 potens,

1041 594 1111 631 Est
1142 594 1214 630 iste
1245 595 1427 631 virtutum
1458 591 1599 631 Deus.“

1041 752 1219 789 Gaudent
1251 753 1290 789 in
1323 753 1401 789 alto
1431 752 1548 798 milia,

1041 809 1231 846 Christum
1256 810 1452 847 sedentem
1474 820 1556 845 cum
1573 809 1706 846 vident

1042 866 1201 902 Laetum
1233 877 1399 912 superna
1430 865 1561 912 gloria.

1043 1025 1113 1070 Qui
1144 1025 1264 1071 patris
1296 1025 1334 1061 in
1368 1024 1503 1061 dextra
1533 1024 1655 1071 sedes,

1044 1081 1102 1118 Tu
1131 1092 1199 1118 nos
1232 1081 1319 1118 vide
1351 1081 1515 1118 clemens
1546 1085 1629 1117 tuos

1045 1137 1155 1174 Nunc
1187 1138 1435 1184 deprecantes
1469 1138 1653 1176 servulos.
