1785 3111
676 63 985 103 —517—

77 176 115 212 9.
163 174 306 213 Corvus
337 177 442 224 pavit
474 177 512 214 in
545 177 696 214 deserto
868 179 933 217 10.
980 177 1257 224 Armipotentis
1289 177 1477 215 Franciae

162 231 319 270 Servum
351 234 436 283 Dei,
458 242 579 280 'quem
610 238 744 280 aperto
979 234 1119 281 Regem
1151 233 1294 271 orando
1325 234 1468 280 gloriae

218 289 360 327 Currus
391 290 480 327 tulit
509 300 617 340 aere3
1035 291 1129 338 Regi
1160 290 1393 339 reconciliat,

159 345 251 393 Mel,
283 347 430 384 locusta
461 347 716 397 praecursori,
982 347 1096 384 Suum
1128 347 1162 383 ei
1195 347 1282 384 dum
1315 352 1472 397 reatuin,

163 401 284 440 Cerva
313 404 435 450 patris
465 403 575 440 huius
606 404 663 441 ori
979 405 1013 440 A
1046 415 1118 450 quo
1150 403 1223 440 sibi
1254 404 1493 452 revelaturus

217 460 296 497 Lae
326 460 506 507 propinat
536 460 665 500 ubere.
1037 461 1088 498 Et
1121 460 1315 497 dimissum
1348 461 1507 499 nuntiat.

418 553 482 590 11.
531 551 651 589 Nobis
684 562 773 599 ergo
803 552 992 599 propitius

531 608 692 646 Sanctus
724 613 835 655 pater
864 609 1049 655 Aegidius

587 666 747 702 Precum
779 676 931 702 suarum
962 665 1096 712 aegide

531 722 695 769 Gregem
728 733 768 759 se
799 722 1072 766 venerantium,

529 778 694 816 Nostrae
727 779 861 815 salutis
892 778 1040 826 ostium,

585 834 783 872 Defendat
814 846 835 872 a
866 835 1083 882 tyrannide.

136 922 201 964 Ep.
235 925 330 956 XIV.
362 942 405 947 --
437 925 541 967 Folgt
573 924 800 957 unmittelbar
833 924 895 956 auf
924 924 1069 966 Suscipe
1103 927 1221 956 sancte
1254 928 1353 966 pater
1391 923 1464 963 (Nr.
1498 922 1539 965 8).
1573 942 1617 946 —

43 967 237 1056 Ξῖῗῗέἕέἓ,
265 968 338 1002 165.
365 987 407 992 -
432 968 463 1009 8,
489 968 510 1002 3
526 970 722 1002 Tehoerite.
750 987 794 991 —
819 967 850 1008 9,
876 968 897 1002 3
924 970 978 1002 bis
1007 968 1059 1009 ll⁷
1084 967 1105 1001 6
1129 980 1199 1001 von
1225 969 1370 1002 anderer
1389 969 1495 1001 Hand
1511 970 1616 1001 nach-

433 1148 515 1185 353.
553 1149 633 1191 (10.)
671 1150 729 1184 De
756 1160 789 1186 s.
818 1149 996 1185 Iohanne
1022 1148 1228 1193 Baptista.

74 1243 145 1281 la.
188 1242 218 1281 Ο
249 1253 489 1290 praecursor,
521 1249 607 1280 ortu
638 1244 743 1281 cuius
898 1245 918 1282 1
939 1243 974 1281 b.
1007 1244 1116 1281 Dona
1146 1243 1267 1290 nobis,
1300 1248 1338 1280 te
1369 1254 1555 1290 rogamus.

187 1298 364 1339 Gloriosa
395 1298 515 1347 fulget
546 1300 655 1337 huius
1011 1301 1063 1339 Ut
1095 1301 1231 1337 devote
1262 1300 1524 1348 persolvamus

244 1355 330 1393 Diei
362 1357 611 1403 sollemnitas,
1067 1357 1219 1394 Laudes
1251 1357 1321 1394 tibi
1355 1357 1515 1397 debitas,

73 1449 144 1486 23.
184 1446 276 1484 Dies
308 1447 406 1484 enim
439 1447 532 1484 haec
563 1447 734 1496 insignis,
895 1450 916 1486 2
937 1448 973 1486 b.
1006 1450 1085 1495 Qua
1117 1448 1181 1485 lux
1213 1448 1330 1485 solem
1352 1449 1611 1495 praecessisti,

186 1503 279 1541 Dies
311 1508 369 1540 est
398 1504 493 1541 haec
525 1504 638 1551 digna
667 1504 791 1551 dignis
1008 1505 1113 1543 Odor
1143 1503 1274 1542 florem
1306 1505 1554 1552 praevenisti,

238 1560 436 1598 Laudibus
468 1561 662 1605 ecclesiae,
1063 1562 1177 1599 Miles
1206 1572 1333 1609 regem
1365 1562 1521 1609 gloriae.

78 1652 152 1691 33.
196 1651 274 1688 Vox
307 1651 507 1688 clamantis
537 1652 576 1688 in
609 1651 773 1699 deserto,
896 1655 918 1691 3
938 1652 973 1690 b.
1006 1653 1203 1690 Reserasti
1236 1664 1323 1689 mox
1355 1654 1503 1699 genitus

193 1707 383 1745 Gabrielis
415 1719 488 1745 non
520 1708 665 1746 incerto
1010 1710 1148 1747 Vocem
1180 1710 1283 1756 patri
1316 1710 1497 1747 divinitus

245 1765 460 1813 Conceptus
493 1765 646 1802 oraculo
1067 1766 1252 1813 Negatam
1286 1766 1495 1804 incredulo.

74 1857 145 1894 4a.
190 1855 344 1893 Ventris
376 1855 501 1893 adhuc
530 1856 569 1893 in
600 1855 732 1893 abdito
899 1859 922 1894 4
943 1856 979 1895 b.
1008 1857 1112 1894 Tuae
1144 1857 1224 1904 regi
1254 1857 1422 1894 iustitiae

188 1912 358 1949 Materni
391 1912 540 1949 clausus
571 1913 696 1959 posito
1012 1913 1210 1951 Dedicasti
1242 1911 1413 1951 laetitiae

245 1969 413 2015 Virginis
444 1969 482 2006 in
515 1970 631 2017 regia⁷
862 2022 866 2025 ⁷
1068 1971 1187 2008 Beata
1218 1971 1442 2018 primordia.

81 2063 151 2098 53.
194 2060 300 2098 Citra
332 2061 470 2105 virum,
502 2071 617 2108 supra
649 2060 749 2098 vires
901 2064 922 2099 5
942 2061 979 2100 b.
1011 2061 1128 2108 Fugis
1161 2061 1306 2106 turbas,
1341 2060 1439 2108 fugis
1471 2060 1598 2107 urbes⁷

194 2116 274 2154 Soli
305 2116 408 2154 subis
438 2121 481 2154 ut
511 2117 675 2155 servires
1012 2118 1071 2155 Ne
1103 2129 1176 2164 qua
1207 2118 1363 2155 levitate
1394 2117 1524 2155 turbes

247 2173 330 2211 Deo
360 2174 617 2223 solitudinem,
1071 2174 1292 2211 Sanctitatis
1323 2175 1508 2212 ordinem.

76 2266 150 2304 63.
192 2265 325 2303 Victus
356 2265 410 2302 ibi
441 2264 511 2301 tibi
542 2265 641 2313 vilis,
901 2268 923 2303 6
942 2264 978 2303 b.
1010 2265 1156 2302 Tantae
1187 2269 1314 2302 tamen
1347 2265 1556 2314 dignitatis,

193 2321 282 2358 Tibi
313 2321 429 2358 vestis
460 2321 561 2358 hirta
592 2322 682 2368 pilis
1014 2318 1126 2368 Quod
1159 2326 1197 2358 et
1227 2321 1344 2359 verbo
1375 2322 1549 2359 veritatis

249 2377 386 2415 Sacros
417 2381 522 2415 artus
554 2378 695 2423 induit,
1067 2378 1289 2425 Approbari
1320 2379 1470 2418 meruit.

81 2471 150 2508 73.
193 2471 293 2507 Vere
324 2469 443 2507 maior
474 2470 674 2506 mulierum
899 2471 919 2508 7
939 2470 976 2509 b.
1009 2470 1160 2507 Lavans
1193 2481 1288 2520 eum,
1333 2471 1397 2517 qui
1427 2481 1495 2508 nos
1526 2471 1619 2508 lavit

192 2528 298 2564 Inter
327 2531 435 2563 natos
467 2526 589 2563 Deum
622 2536 751 2563 verum
1014 2528 1046 2564 A
1079 2528 1246 2574 peccatis
1278 2532 1315 2564 et
1346 2527 1544 2565 mundavit

249 2583 456 2630 Baptizans
487 2583 526 2620 in
559 2583 720 2630 homine,
1068 2584 1256 2621 Mundum
1288 2596 1355 2621 suo
1388 2584 1582 2631 sanguine.

81 2674 151 2713 83.
194 2673 334 2711 Divina
364 2684 456 2711 voce
485 2674 621 2710 merito
903 2675 924 2711 8
944 2674 981 2714 b.
1014 2674 1134 2711 Deum
1168 2675 1403 2712 demonstras
1436 2675 1567 2721 digito,

249 2731 339 2768 Plus
353 2741 463 2777 quam
479 2730 666 2778 propheta
683 2731 833 2769 diceris,
1073 2731 1200 2778 Longe
1232 2732 1350 2768 visum
1383 2743 1403 2767 a
1436 2731 1571 2766 ceteris

307 2787 378 2832 Qui
405 2787 632 2825 salvatorem
656 2788 797 2834 populo
1124 2788 1174 2825 Et
1206 2788 1320 2824 veluti
1353 2788 1421 2823 sub
1445 2787 1613 2833 speculo.
