1785 3111
688 69 996 109 -519--

333 185 371 223 6.
417 184 524 221 Tunc
554 188 774 230 repertores
806 182 977 221 referant
1007 189 1207 221 moventur

415 242 477 278 An
509 245 623 287 eaput
654 241 833 278 membris
865 241 1029 287 capitive
1060 251 1220 291 corpus3

416 297 491 335 Sed
523 301 638 344 caput
667 297 848 334 membris
880 298 1023 344 placuit
1056 299 1188 345 reponi

602 354 711 391 Pacis
742 365 881 392 amore.

333 480 368 519 7.
417 478 530 516 Unde
560 478 752 516 collaudet
782 479 945 526 populus
976 477 1101 516 fidelis

368 528 369 531 ¹
416 534 507 573 Cum
539 535 623 582 pari
655 546 838 572 summum
870 536 997 583 genito
1028 539 1225 582 parentem

412 592 540 639 Atque
570 594 782 639 procedens
815 592 862 630 ab
895 596 1054 639 utroque
1085 591 1235 641 flamen,

602 649 766 696 Compar
796 650 959 696 utrique.

144 771 219 803 Fol.
249 769 322 804 136.
382 772 581 813 Ungewiss,
616 783 658 803 zu
689 772 855 804 welchem
887 772 1003 804 Briefe
1035 772 1192 814 gehorig.
1241 771 1392 803 Vorher:
1430 773 1625 813 „Schedula

53 816 208 849 nondum
233 817 354 849 clausa
379 827 457 849 cum
483 818 636 850 subisset
661 818 826 856 animum,
853 817 946 859 quod
972 828 1076 858 super
1101 817 1262 848 absentia
1287 828 1364 849 mea
1385 817 1544 850 deberem
1563 829 1625 850 vos

54 863 172 904 aliquo
207 862 403 904 rhythmico
437 863 592 894 carmine
625 863 819 902 consolari,
855 873 987 905 vosque
1020 864 1118 894 iuxta
1150 866 1301 894 vestram
1337 864 1625 895 consuetudinem

54 910 145 940 inter
177 908 378 950 duplicibus
407 909 505 940 festis
531 918 601 940 non
626 908 755 940 habere
780 908 821 940 (le
848 912 968 940 sancto
994 909 1169 950 Lupentio
1196 908 1334 940 laudem
1360 909 1624 950 praecedentem

54 953 96 985 ad
134 953 319 996 legendum
353 954 572 996 evangelium
605 954 866 995 procedentem,
902 955 1053 985 scribere
1079 954 1211 996 placuit
1236 957 1269 985 et
1294 955 1395 986 vobis
1425 956 1559 986 mittere
1585 955 1626 986 de

53 999 174 1031 eodem
199 999 366 1040 hymnum
385 999 553 1041 sapphico
572 999 657 1041 pede
675 1003 870 1031 currentem
893 1004 926 1032 et
943 1002 1223 1041 praecurrentem
1240 998 1392 1031 fistulam
1411 1000 1624 1032 laudationis

56 1045 175 1077 tubam
202 1045 427 1087 evangelicae
452 1045 625 1076 lectionis.
654 1064 696 1068 --
722 1045 801 1087 Vgl.
828 1046 943 1077 Neues
972 1045 1102 1076 Archiv
1127 1046 1221 1080 XVI,
1252 1043 1325 1076 110.

488 1235 570 1271 355.
607 1235 687 1278 (12.)
723 1235 780 1270 De
807 1235 949 1271 sancto
976 1235 1192 1279 Lupentio.

305 1353 343 1391 1.
393 1352 545 1390 Christo
577 1356 708 1390 nostra
741 1352 907 1401 devotio,

476 1409 592 1447 Sacro
624 1408 788 1456 flagrans
818 1409 1038 1456 spiramine,

560 1466 703 1503 Laudis
735 1466 886 1503 excelsa
917 1466 1075 1513 gloriam

644 1523 750 1561 Voce
781 1523 940 1560 resultet
972 1523 1096 1570 hodie,

390 1579 460 1626 Qui
494 1580 656 1617 certanti
688 1579 877 1626 Lupentio

472 1635 611 1674 Sancto
643 1648 712 1683 pro
739 1648 806 1673 suo
837 1636 988 1673 nomine

560 1693 756 1732 Concessit
789 1697 826 1730 et
856 1693 1056 1731 victoriam

644 1749 697 1787 Et
725 1750 938 1797 praemium
968 1750 1164 1788 victoriae.

304 1876 341 1913 2.
388 1874 462 1911 Hic
494 1874 582 1911 dum
612 1885 682 1921 pro
713 1874 814 1912 vitae
844 1875 980 1912 merito

474 1930 639 1978 Dignum
671 1935 709 1968 et
738 1931 976 1979 acceptabile

560 1987 656 2036 Regi
686 1998 816 2035 regum
849 1988 1048 2026 exhiberet

643 2044 861 2083 Sacerdotis
892 2045 1070 2090 officium,

387 2101 522 2150 Agone
553 2101 685 2139 mortis
714 2102 846 2139 inclito

473 2158 619 2196 Nactus
650 2161 848 2205 tropaeum
879 2159 1018 2203 nobile,

555 2215 790 2265 Declaravit,
820 2216 920 2262 quod
947 2215 1105 2252 haberet

643 2272 786 2318 Regale
817 2272 1087 2310 sacerdotium.

301 2396 338 2434 3.
385 2394 457 2441 Qui
487 2394 748 2433 Brunichildis
778 2396 917 2442 impiae

474 2451 776 2499 Comprehensus
808 2453 966 2498 malitia,

560 2509 667 2546 Iussa
699 2509 801 2545 cuius
833 2509 1025 2546 hostiliter

640 2565 858 2602 Fervebant
889 2570 1021 2603 contra
1033 2579 1039 2583 ·
1051 2566 1266 2609 Dominum,

387 2623 462 2660 Pro
492 2632 620 2659 amore
650 2621 817 2659 iustitiae

470 2679 617 2716 Poenas
648 2678 686 2715 in
718 2679 904 2725 patientia

559 2735 762 2781 Superavit
791 2735 972 2772 alacriter

649 2792 790 2830 Caesus
821 2803 844 2829 a
874 2792 965 2829 viris
996 2792 1232 2841 sanguinum.
