1785 3111
47 173 106 208 53.
143 174 173 206 A
198 173 374 205 mundana
397 173 590 206 christiana

188 219 299 260 Plaga
324 229 410 251 sana
435 223 575 261 pectora

143 264 192 296 Et
216 268 388 297 sustentes
413 269 447 296 te
471 265 663 303 credentes,

187 311 322 351 Aegras
346 314 480 342 mentes
505 311 642 342 robora.

52 377 107 411 54.
143 379 218 410 Rex
243 378 428 416 tremende,
455 389 517 409 nos
543 378 696 415 defende,

188 424 298 455 Nobis
324 423 426 456 tende
451 423 639 462 dexteram,

143 470 326 501 Inimicam
352 473 386 501 et
409 471 589 512 antiquam

189 514 311 547 Sterne
335 515 465 546 victam
489 517 656 557 viperam.

48 582 105 616 55.
145 581 176 613 A
201 582 302 614 leone
328 586 362 615 et
387 583 546 620 dracone,

187 628 268 660 Iesu
293 629 395 667 bone,
419 628 542 665 libera,

144 675 238 714 Quos
263 673 306 705 de
328 676 442 715 portis
467 675 574 706 traxit
600 675 720 706 mortis

187 719 264 750 Tua
289 720 391 752 fortis
415 719 568 751 dextera.

797 60 879 102 479

871 172 925 206 56.

873 377 927 411 57.

873 580 926 615 58.

962 175 1151 206 Benedicte
1177 185 1246 212 rex,
1275 176 1393 206 emitte

1007 221 1142 252 Lumen
1166 221 1260 252 vitae
1285 221 1470 258 mentibus,

963 266 1119 307 Regnum
1147 267 1255 307 patris
1282 266 1373 297 dona
1398 267 1519 297 matris

1008 311 1136 343 Sacrae
1161 312 1270 343 sacris
1296 312 1469 352 precibus,

964 380 1037 411 Rex
1062 380 1241 412 virtutum.
1267 380 1368 410 nobis
1394 383 1507 411 tutum

1009 425 1144 456 Praebe
1168 429 1303 456 scutum
1330 424 1420 462 fidei,

964 471 1005 501 In
1031 480 1218 511 supernum
1245 474 1277 502 et
1303 475 1485 511 paternum

1009 516 1079 546 Fac
1103 526 1167 546 nos
1192 526 1337 558 regumn
1363 516 1518 557 provehi.

965 584 1018 615 Sit
1043 583 1207 621 Messiae,
1233 584 1277 614 511
1303 584 1436 616 Mariae

1009 629 1110 660 Omni
1137 628 1192 659 die
1217 629 1343 670 gratia,

964 674 1072 712 Patri,
1098 674 1187 715 proli
1215 678 1247 705 et
1273 675 1382 705 amori

1009 720 1083 750 Deo
1111 719 1177 750 soli
1202 719 1327 761 gloria.

141 788 254 820 Pars
286 789 374 820 XIII
399 802 443 812 =
468 788 632 829 Rhythm.
660 788 703 825 X,
731 785 856 827 1—303
884 787 959 825 XV,
985 785 1115 826 2—20;
1141 787 1252 818 dann:

529 853 583 887 50.
622 855 821 887 Benedictis
847 865 868 886 a
893 854 1030 886 delictis

670 901 742 932 Nos
768 900 917 932 emunda
943 901 1116 941 precibus,

623 946 671 978 Ut
696 947 835 988 purgati
861 947 969 977 simus
995 947 1067 987 apti

669 993 773 1034 Iungi
798 991 887 1023 caeli
913 992 1061 1022 civibus.

49 1060 154 1100 Quod
181 1063 352 1102 optamus,
377 1061 470 1103 quod
495 1070 658 1101 rogamus
683 1071 766 1092 usw.
785 1077 829 1082 -
846 1060 951 1092 Pater
977 1060 1084 1098 Deus,
1109 1058 1159 1090 fili
1186 1060 1280 1091 Deus
1307 1071 1390 1091 usw.
1411 1077 1451 1081 —
1470 1060 1621 1091 Endlich

706 1153 729 1188 1’
743 1164 764 1189 a
777 1163 826 1189 rs
867 1153 971 1190 XIY.

50 1107 94 1145 X,
120 1103 271 1138 37—43.

77 1229 106 1263 1.
143 1231 173 1263 O
197 1231 322 1268 Maria,
349 1241 367 1262 o
393 1234 430 1261 tu
455 1232 524 1272 pia,

186 1276 339 1317 Fulgens
365 1276 407 1307 di
421 1276 598 1309 ademate.

144 1321 267 1353 Cordis
292 1331 418 1362 penum
444 1321 498 1352 fac
525 1332 695 1357 serenum,

189 1367 287 1399 Sacri
312 1367 452 1408 plenum
478 1370 675 1408 pneumate.

72 1433 105 1467 2.
142 1436 235 1467 Fons
261 1435 426 1474 medelae,
453 1435 671 1477 corruptelae

189 1481 301 1519 Meae,
327 1480 404 1513 dele
428 1481 574 1519 facinus,

143 1525 217 1568 Ope
243 1536 383 1566 precum
407 1527 459 1558 fer
482 1526 575 1558 hunc
599 1530 723 1563 tecum,

189 1572 237 1604 Ut
264 1572 311 1603 sit
333 1582 467 1603 mecum
493 1572 676 1603 Dominus.

71 1638 105 1672 3.
143 1639 251 1682 Opem
278 1650 376 1671 suam
402 1644 506 1682 atque
532 1644 639 1678 tuam,

190 1687 238 1719 Ut
262 1696 332 1717 non
357 1696 466 1723 ruam,
496 1686 629 1727 flagito,

142 1731 241 1764 Caeli
268 1731 364 1763 scala
389 1731 523 1773 pellens
549 1731 640 1762 mala

186 1776 243 1808 Me
269 1777 333 1808 sub
359 1777 416 1808 ala
440 1778 561 1818 tegito.

70 1843 104 1877 4.
141 1845 223 1876 Flos
237 1845 460 1887 fraglascens,
474 1845 537 1876 flos
550 1855 620 1876 non
634 1855 802 1882 marcenS,
875 1842 927 1876 12.

185 1890 334 1922 Fructus
359 1900 505 1932 pascens
532 1890 686 1932 angelos,

142 1936 224 1967 Flos
249 1940 422 1978 provecte,
448 1936 511 1967 flos
537 1936 645 1968 electe

188 1980 243 2012 Ad
268 1992 321 2012 me
346 1981 444 2013 flecte
470 1981 602 2013 oculos.

72 2047 106 2081 5.
143 2050 186 2081 In
211 2049 277 2081 hoc
303 2050 389 2081 freto
415 2051 572 2091 inquieto

189 2095 336 2127 Cursum
362 2099 442 2136 peto
469 2096 627 2133 liberum,

142 2141 217 2172 Deo
244 2150 325 2172 cara
351 2145 385 2173 et
407 2141 599 2182 praeclara,

187 2185 332 2218 Portum
357 2196 442 2228 para
467 2197 681 2228 prosperum.

75 2251 109 2286 6.
144 2254 223 2285 Lux
248 2256 416 2291 exortum,
442 2254 508 2285 duc
532 2254 576 2285 ad
602 2258 738 2296 portum

188 2300 260 2331 Nos
287 2309 348 2340 per
371 2299 488 2330 lumen
513 2301 657 2341 gratiae,

142 2345 184 2376 In
208 2344 274 2376 hoc
299 2344 374 2376 salo
402 2355 465 2376 nos
491 2355 511 2375 a
537 2345 628 2376 malo

189 2389 307 2428 Salva,
332 2390 432 2432 virgo
460 2390 605 2431 gloriae.

76 2455 108 2488 ’7.
145 2458 259 2489 Mater
284 2457 391 2494 ducis,
419 2467 507 2498 quae
534 2457 695 2498 producis

190 2503 339 2535 Germen
363 2503 451 2534 111015
477 2503 666 2534 11011111111111.

144 2548 202 2579 Μο
226 2549 263 2579 111
286 2558 390 2591 grege
417 2548 545 2579 Christi
572 2559 651 2589 rege

189 2593 236 2625 Et
260 2594 297 2624 in
322 2594 397 2635 lege
423 2595 576 2625 Domini.

74 2658 107 2692 8.
144 2661 212 2699 Da,
235 2663 394 2693 timorem
421 2666 454 2693 et
479 2661 635 2693 ardorem

193 2706 317 2738 Carnis
342 2707 472 2749 plorem
500 2708 629 2749 iugiter

147 2748 194 2782 Et
218 2756 256 2782 ut
280 2762 372 2784 ream
397 2754 507 2784 vitam
533 2762 644 2783 meam

192 2797 354 2829 Gaudens
378 2798 479 2829 fleam
504 2797 660 2829 dulciter.

898 1227 929 1262 9.

877 1431 927 1466 10.

874 1637 924 1670 11.

876 2047 927 2081 13.

874 2251 924 2284 14.

877 2454 929 2488 15.

875 2657 927 2691 16.

966 1230 1127 1261 Puriores
1154 1233 1292 1270 praesta
1318 1239 1441 1261 mores.

1013 1276 1070 1313 Ut,
1097 1274 1188 1316 quod
1214 1274 1344 1307 horres.
1371 1275 1540 1314 horream,

965 1321 1063 1352 Meos
1089 1331 1188 1352 renes
1215 1321 1265 1351 sic
1290 1321 1440 1351 refrenes

1012 1366 1071 1404 Ut,
1096 1366 1188 1408 quod
1214 1369 1320 1403 tenes,
1347 1370 1494 1398 teneam.

965 1435 1049 1466 Post
1074 1435 1255 1471 tumultus,
1280 1438 1359 1475 post
1384 1434 1558 1475 singultus

1012 1481 1076 1511 Dei
1102 1480 1237 1510 vultum
1262 1479 1412 1517 videam,

967 1525 1221 1567 Sempiternam
1248 1529 1280 1556 et
1306 1530 1481 1556 aeternam

1011 1572 1138 1602 Pacem
1163 1574 1292 1602 certam
1318 1570 1476 1602 habeam.

963 1640 1041 1671 Non
1066 1649 1218 1674 casuros,
1246 1649 1315 1669 non
1343 1639 1503 1679 lapsuros

1007 1685 1154 1717 Cernam
1180 1695 1294 1715 muros
1320 1684 1455 1725 gloriae

962 1730 1008 1762 Et
1033 1741 1196 1761 sonorum
1222 1730 1321 1761 illum
1347 1729 1490 1760 chorum

1007 1776 1178 1807 Filiorum
1203 1775 1349 1817 gloriae.

964 1845 1133 1876 Praesens
1160 1844 1227 1875 Dei
1252 1843 1355 1875 faciei

1009 1889 1146 1921 Laudes
1173 1890 1204 1920 ei
1228 1899 1397 1926 resonem,

964 1935 1150 1967 Iubilando
1177 1938 1211 1966 et
1235 1934 1408 1965 cantando

1011 1982 1079 2013 Ore
1106 1980 1233 2012 blando
1259 1981 1426 2011 intonem.

964 2049 1082 2080 David
1106 2049 1232 2090 proles,
1259 2049 1349 2079 sicut
1375 2047 1477 2084 soles,

1012 2094 1116 2126 Solve
1142 2094 1250 2125 moles
1276 2093 1455 2126 scelerum,

966 2141 1017 2171 Ad
1046 2140 1249 2182 magistrun]
1275 2139 1389 2169 Iesum
1416 2137 1590 2170 Christum

1014 2185 1131 2216 Reduc
1155 2186 1259 2215 istum
1287 2185 1462 2214 miserum.

962 2253 1046 2284 Post
1071 2262 1221 2283 errorem
1249 2251 1290 2282 ad
1316 2256 1491 2291 pastorem

1008 2297 1126 2329 Reduc
1152 2307 1252 2328 ovem
1277 2296 1462 2338 perditam,

964 2342 1183 2383 Aspirandae
1209 2346 1242 2373 et
1267 2342 1461 2383 sperandae

1009 2389 1110 2420 Vitae
1136 2388 1248 2429 pande
1275 2389 1446 2419 semitam.

966 2456 1036 2487 Ora
1062 2457 1184 2490 Deum,
1211 2466 1356 2497 poscens
1384 2466 1472 2492 eum,

1011 2502 1058 2533 Ut
1083 2501 1173 2532 hunc
1198 2512 1293 2533 reum
1320 2501 1444 2532 liberet

964 2548 1016 2578 Ne
1042 2547 1209 2578 molestus
1235 2550 1269 2578 et
1293 2547 1439 2577 infestus

1007 2593 1130 2624 Carnis
1157 2596 1273 2624 aestus
1300 2596 1448 2633 superet.

966 2660 1113 2691 Carnem
1138 2659 1245 2699 frena,
1267 2669 1325 2690 cor
1351 2669 1484 2695 serena,

1009 2705 1116 2746 Virgo
1142 2705 1245 2746 plena
1269 2705 1392 2745 gratia,

965 2751 1118 2782 Lumbos
1145 2751 1286 2791 stringe⁷
1313 2759 1372 2779 cor
1396 2750 1538 2789 accinge

1009 2796 1137 2827 Mentis
1162 2800 1258 2836 terge
1284 2795 1382 2825 vitia.
