1785 3111
61 191 98 230 5.

688 74 996 116 —543—

152 189 257 236 Ergo
285 189 382 234 veni,
414 189 501 226 Iesu
530 188 641 238 bone,

149 247 193 284 In
225 256 291 283 cor
321 256 442 284 meum
475 248 513 282 te
543 256 697 293 repone,

142 303 242 340 Esto
273 313 419 339 mecum
451 302 526 340 ista
561 303 655 350 vice,

147 360 177 397 Ο
210 359 350 397 dilecte
380 359 431 395 mi
461 358 594 405 amice,

205 415 267 453 Sic
301 415 440 464 venias,
475 419 514 452 ut
545 415 718 453 sentiam.

148 474 227 510 Iam
265 483 329 509 cor
359 482 482 509 meum
515 472 698 510 dilatatur

143 529 195 566 Et
226 529 302 566 iam
333 529 371 566 in
402 534 440 565 te
472 529 695 573 delectatur,

140 585 266 623 Sentit
298 596 388 623 vere
419 591 456 622 te
486 592 737 635 praesentem,

143 642 266 680 Sentit
298 647 335 679 te
366 642 404 679 in
435 653 475 679 se
505 648 731 691 manentem,

202 699 428 745 Praegustat
461 710 613 737 suavem
635 700 808 747 gratiam.

139 869 168 907 Ο
201 880 309 916 quam
343 869 465 907 dulcis
497 870 558 906 hic
589 869 757 915 affectus,

139 927 218 972 Quo
248 927 322 963 iam
350 926 488 973 gaudet
511 937 633 963 meum
655 931 801 976 pectus,

137 983 309 1020 Blandus
340 994 447 1020 amor
477 987 589 1030 atque
619 983 716 1020 lenis

138 1040 237 1077 Meis
268 1044 376 1077 natat
406 1040 480 1077 iam
512 1040 550 1076 in
583 1041 702 1085 venis,

195 1096 224 1134 Ο
261 1100 390 1134 tantae
421 1102 547 1144 grates
578 1098 743 1144 gratiae!

135 1153 245 1197 Mihi,
281 1164 382 1200 care,
415 1158 606 1200 coaptare,

135 1209 233 1247 Mihi
260 1214 361 1248 totus
382 1211 579 1257 adplicare

137 1267 192 1304 Te
222 1271 412 1304 amantem
444 1268 664 1314 amplexare

133 1323 185 1361 Et
217 1334 283 1360 cor
313 1334 435 1361 meum
468 1324 661 1364 osculare:

192 1380 222 1418 Ο
254 1380 376 1427 qualis
406 1381 469 1419 hic
500 1391 539 1418 es
570 1380 706 1419 hodie!

133 1551 163 1589 Ο
197 1551 360 1589 dulcedo
390 1562 525 1599 magna
555 1551 641 1598 Dei,

135 1608 257 1654 Imple
288 1608 409 1645 sinum
443 1608 569 1645 cordis
600 1607 686 1655 mei,

132 1664 244 1701 Dulis
276 1676 395 1713 amor,
427 1669 684 1713 augmentare,

132 1721 326 1768 Quidquid
356 1721 496 1770 placet,
531 1732 703 1768 operare,

188 1778 248 1815 Da
279 1779 353 1814 mel
385 1784 420 1815 et
452 1776 581 1815 favum
611 1779 752 1826 ingere.

136 1834 280 1872 Cellam
312 1836 452 1884 pande,
484 1835 573 1882 plue
603 1835 742 1885 vinum,

130 1891 266 1929 Funde
297 1892 369 1937 lac,
404 1893 452 1930 da
483 1892 557 1928 mel
589 1891 770 1940 divinum,

130 1947 188 1985 De
218 1953 389 1985 torrente
419 1949 626 1995 voluptatis

132 2004 257 2052 Large
290 2005 352 2049 da,
383 2016 470 2042 nam
501 2005 617 2042 habes
649 2005 765 2055 satis3

191 2061 274 2098 Non
308 2066 467 2109 possunt
492 2062 586 2100 haec
607 2060 796 2100 sufficere.

137 2231 275 2268 'semet
305 2232 430 2278 ipsum
463 2231 572 2269 dabis
603 2236 736 2282 totum,

127 2287 192 2325 Da
229 2287 278 2324 do
310 2299 421 2325 manu
452 2294 516 2326 tua
545 2293 689 2335 potum,

142 2343 285 2381 Cellam
316 2350 417 2381 tuam
449 2345 550 2382 intro
580 2350 716 2389 tecum⁷

137 2400 257 2437 Totus
289 2402 364 2438 eris
394 2401 448 2437 ibi
478 2412 636 2442 mecum.

197 2457 365 2495 Daturus
398 2457 507 2495 dulce
537 2459 725 2504 poculum.

139 2513 199 2551 Da
230 2519 265 2551 et
298 2519 446 2561 gustum
482 2515 528 2551 de
558 2514 693 2561 lagena

129 2569 392 2608 Granatorum
423 2576 546 2608 musto
577 2572 702 2620 plena,

140 2626 277 2665 Cordis
308 2628 363 2665 tui
396 2628 442 2665 de
475 2628 599 2665 catino

137 2683 346 2732 Principali
384 2685 433 2722 da
464 2684 512 2721 de
541 2685 629 2722 vino

200 2741 290 2778 Post
311 2741 486 2788 poculum
510 2741 604 2779 dans
621 2741 801 2779 osculum.

886 192 922 230 9.
969 188 1049 230 Iam
1083 201 1147 228 cor
1177 200 1300 228 meum
1329 201 1404 228 non
1435 191 1482 227 sit
1510 202 1628 242 suum,

969 248 1081 285 Vivat
1113 247 1183 284 tibi
1214 247 1336 294 sitque
1366 251 1492 293 tuum3

971 304 1027 342 Sit
1058 305 1096 341 in
1128 308 1165 340 te
1197 309 1232 341 et
1263 309 1304 341 tu
1334 304 1373 340 in
1404 315 1458 354 eo,

969 361 1022 399 L't
1054 361 1222 408 quiescat
1253 362 1308 397 sic
1340 372 1422 398 cum
1455 361 1535 398 Deo

1025 417 1187 465 Fiatque
1219 429 1312 455 unus
1345 418 1514 464 spiritus.

969 474 1103 512 Cordis
1135 476 1206 511 mei
1238 475 1276 511 in
1309 475 1479 512 conclavi

967 532 1067 569 Fare
1099 531 1189 567 mihi
1222 542 1313 569 voce
1344 532 1462 576 suavi,

968 587 1113 634 Sponse
1143 598 1247 625 meus
1278 593 1353 625 tam
1387 588 1536 627 dilecte.

968 643 1190 691 Singularis.
1223 645 1449 692 praeelecte,

1024 701 1139 745 Quem
1173 701 1289 748 diligo
1321 701 1554 740 medullitus.

850 870 914 909 10.
963 870 1023 907 Da
1055 880 1277 918 responsum
1311 871 1552 920 colloquenti,

962 927 1016 964 Te
1048 937 1093 963 ex
1127 927 1241 964 corde
1274 928 1552 977 complectenti,

959 984 1003 1020 In
1035 984 1180 1031 meipso
1218 990 1257 1021 tu
1288 985 1455 1031 loquaris

959 1040 1023 1087 Et,
1055 1044 1095 1077 ut
1126 1041 1227 1077 intus
1259 1041 1442 1087 audiaris,

1017 1098 1200 1135 Auditum
1235 1098 1361 1135 cordis
1392 1099 1512 1146 aperi.

960 1155 1057 1201 Quid
1088 1155 1126 1191 in
1159 1155 1274 1192 caelis
1306 1155 1396 1191 mihi
1429 1156 1515 1202 eris,

959 1212 1029 1258 Qui
1061 1216 1138 1248 tam
1172 1212 1293 1248 dulcis
1325 1212 1385 1248 hic
1416 1212 1600 1249 haberis‘?

959 1268 1057 1314 Quid
1090 1279 1128 1304 es
1159 1267 1225 1312 ibi,
1259 1278 1326 1305 rex
1361 1269 1562 1317 caelorum,

959 1325 1102 1362 Choros
1139 1325 1301 1372 implens
1333 1325 1566 1373 angelorum,

1016 1382 1086 1427 Qui
1117 1382 1205 1418 talis
1236 1382 1297 1418 1110
1330 1393 1368 1419 05
1400 1382 1591 1430 pauperi?

846 1552 910 1590 11.
959 1551 1035 1590 Ubi
1066 1551 1193 1588 lucent
1225 1558 1280 1589 tot
1313 1563 1488 1599 coronae,

955 1610 1042 1646 Iesu
1075 1608 1209 1653 (1111015,
1243 1610 1330 1646 lesu
1361 1609 1470 1659 bone,

954 1666 1074 1712 Quam
1107 1676 1145 1702 es
1176 1665 1230 1702 ibi
1262 1665 1448 1713 gloriosus

952 1723 1003 1760 Et
1035 1722 1185 1759 0111111110
1218 1723 1391 1769 copiosus

1011 1780 1129 1825 Quam
1161 1780 1288 1826 largus
1318 1779 1358 1816 in
1391 1780 1604 1818 dulcedine.

952 1837 1034 1874 Tuo
1070 1841 1206 1873 vacant
1237 1837 1276 1873 in
1307 1847 1448 1883 amore,

952 1893 1022 1939 Qui
1053 1898 1089 1929 te
1120 1893 1252 1930 vident
1281 1893 1320 1930 in
1353 1893 1501 1939 decore,

951 1950 1014 1989 Ad
1056 1954 1132 1987 tam
1171 1950 1281 1987 dulce
1312 1949 1614 1987 blandimentum

953 2007 1045 2044 Post
1077 2006 1147 2043 hoc
1178 2007 1303 2044 carnis
1334 2011 1591 2053 tegumentum

1009 2063 1074 2100 Me
1110 2062 1169 2100 fer
1199 2075 1269 2111 pro
1300 2068 1364 2100 tuo
1395 2064 1558 2102 nomine.

852 2233 917 2271 12.
964 2231 1041 2270 Ubi
1074 2243 1198 2269 coram
1231 2238 1294 2269 tuo
1326 2233 1446 2278 vultu,

960 2289 1108 2335 Raptus
1141 2289 1265 2326 carnis
1299 2289 1345 2326 de
1376 2290 1550 2338 tumultu,

959 2346 1085 2383 Fruar
1119 2349 1156 2382 te
1186 2357 1257 2392 pro
1284 2346 1382 2383 velle
1412 2357 1507 2394 meo,

960 2401 1126 2439 Satiatus
1159 2402 1261 2439 dulci
1289 2402 1371 2440 Deo

1017 2459 1158 2496 Amore
1188 2459 1389 2498 individuo

960 2515 1132 2562 Languet
1159 2527 1282 2553 meum
1315 2526 1379 2553 cor
1410 2521 1445 2552 et
1477 2519 1575 2565 aret,

956 2573 1206 2619 Quoadusque
1236 2583 1310 2610 non
1341 2579 1515 2621 apparet,

959 2629 1074 2667 Cuius
1105 2640 1162 2666 me
1194 2629 1332 2677 sagitta
1362 2629 1472 2672 ferit3

959 2685 988 2723 O
1020 2697 1130 2732 quam
1161 2685 1258 2723 bene
1288 2686 1380 2723 mihi
1413 2685 1496 2733 erit.

1014 2742 1106 2780 Cum
1138 2741 1244 2780 fruar
1274 2748 1312 2779 te
1343 2743 1551 2789 perpetuo!
