1785 3111
769 44 1079 84 —33‘2—

348 161 464 206 Quem
496 158 624 204 superi
656 159 827 194 cecinere
859 158 979 197 chori.
1012 169 1084 205 quo
1117 159 1230 196 dante
1262 158 1365 196 beati

351 215 559 253 Exsultant
589 215 717 262 animi,
750 215 887 251 venisti
919 215 1093 251 emittere
1123 214 1276 252 luctus?

262 275 310 310 15
356 273 428 320 En,
460 282 542 318 age,
573 271 646 307 iam
680 277 831 309 nostros
862 271 1010 316 subeas,
1044 273 1093 308 mi
1124 280 1223 321 nate,
1255 273 1431 316 lacertos,

351 329 475 366 Parva
507 334 609 375 geret
644 339 818 374 magnum
852 330 1023 374 genetrix
1055 327 1277 376 fragilisque
1306 334 1512 376 potentem,

350 387 552 423 Factorem
583 384 749 431 gestabit
785 396 879 431 opus
911 385 1104 431 nubesque
1136 386 1323 425 decorem.

352 443 465 480 Astat
495 442 606 487 inops
641 442 780 480 ancilla
811 441 893 485 tibi,
925 452 1021 488 quae
1051 442 1179 479 mollia
1210 454 1328 489 parvo

355 499 530 537 Membra
561 504 660 546 tegat
695 509 842 545 pann0;
876 510 948 535 non
981 498 1042 534 hic
1074 499 1205 535 domus
1237 499 1368 536 inclita
1399 503 1570 546 sumptus

259 558 311 595 20
356 556 545 602 Adparat,
577 556 739 592 ancillae
772 556 908 592 desunt
940 556 1127 602 gnavique
1158 556 1334 603 ministri,

353 614 520 659 Cumque
552 611 653 649 furat
685 612 839 660 Boreas,
873 623 947 648 non
979 612 1065 659 igne
1097 617 1161 648 aut
1192 613 1292 658 pelle
1323 612 1471 650 fovebo.

355 670 427 713 En,
460 674 629 706 tenerum
661 674 793 715 patere
824 669 949 705 loculo
982 670 1175 715 deponere
1207 680 1357 716 corpuS‚

350 727 422 776 En,
456 726 526 762 tibi
557 737 626 772 pro
657 726 755 762 lecto
789 736 996 772 praesaepe
1027 726 1255 762 insternitur
1286 727 1426 773 amplo,

349 783 485 830 Qualia
515 788 602 819 nate
633 783 738 829 legis,
772 783 839 819 tali
872 782 941 818 tibi
974 793 1078 819 more.
1113 782 1270 829 parabo.

238 875 460 914 Martinengo
485 873 508 904 I.
534 884 561 904 e.
588 883 618 914 p.
649 870 711 904 193
737 883 786 913 sq.
812 889 855 893 —

404 1053 485 1088 255.
511 1052 569 1095 (3.)
605 1052 754 1096 Incipit
781 1051 865 1088 Oda
890 1052 931 1086 in
957 1052 1152 1087 honorem
1177 1053 1454 1089 Innocentum.

236 1159 471 1198 Candentem
504 1158 641 1205 segetis
673 1167 792 1194 novae
1055 1158 1093 1194 Si
1125 1158 1276 1205 linguae
1307 1156 1434 1194 officio
1466 1162 1608 1205 carent,

232 1217 422 1255 Miremur
453 1215 653 1261 cumulum,
687 1215 834 1260 choros
973 1217 1021 1252 15
1057 1215 1203 1251 Clamat
1235 1215 1462 1261 sanguineus
1494 1214 1623 1260 rubor,

233 1274 306 1320 Qui
338 1271 467 1310 fauces
499 1278 650 1308 teneras
681 1276 795 1318 agant
1055 1272 1178 1309 Occisi
1212 1276 1389 1308 resonant
1423 1272 1550 1318 decus,

237 1331 374 1369 Coram
406 1330 580 1376 principe
613 1328 782 1366 canticis,
1055 1329 1163 1374 Quod
1196 1329 1272 1365 vivi
1305 1332 1495 1375 nequeunt
1525 1328 1640 1375 loqui.

176 1392 197 1428 5
233 1387 385 1425 Gaudet
415 1378 629 1433 primipilos
662 1395 793 1421 recens
1054 1386 1151 1431 Quid
1183 1386 1251 1427 vis,
1286 1385 1425 1433 tigride
1458 1384 1600 1433 durior,

234 1445 381 1482 Ductor
411 1443 563 1479 mittere
595 1443 782 1489 praevios,
1052 1442 1163 1488 Quid,
1196 1442 1319 1479 saevis
1352 1442 1507 1479 canibus
1540 1441 1643 1478 canis

233 1503 419 1540 Laetatur
449 1500 605 1546 paribus
636 1510 731 1546 puer
969 1500 1021 1537 20
1055 1498 1194 1535 Peior?
1227 1499 1317 1545 quid
1350 1498 1458 1536 furiis
1488 1498 1629 1536 vacas?

233 1559 388 1595 Florum
423 1557 611 1604 primitias
643 1557 785 1603 legens,
1056 1556 1195 1602 Pignus
1227 1556 1447 1592 caelicolum
1480 1559 1591 1602 putas

234 1616 307 1653 Hic
339 1615 481 1662 gaudet.
511 1614 632 1650 titulis
663 1613 777 1660 loquiY
1055 1612 1229 1649 Infandis
1261 1612 1434 1649 manibus
1466 1611 1619 1658 premi?

148 1674 200 1711 10
233 1674 336 1718 Quos
368 1682 523 1719 prorsus
558 1670 671 1706 dabat
704 1670 845 1706 inscius
1053 1669 1128 1706 Sed
1161 1668 1305 1706 frustra
1336 1674 1479 1705 tumeat
1509 1667 1626 1719 furor,

235 1730 354 1766 Aetas
388 1731 423 1764 et
455 1728 536 1763 sine
568 1726 739 1765 erimine.
1055 1727 1103 1763 Et
1136 1730 1173 1762 te
1204 1724 1442 1772 magnificum
1476 1736 1571 1772 puer

236 1786 299 1823 Sic
331 1784 454 1832 dignis
487 1784 635 1819 canitur
668 1784 785 1830 prior,
973 1787 1022 1821 25
1055 1783 1230 1819 Materna
1261 1783 1379 1819 ubera
1409 1782 1614 1819 subbibens

234 1843 367 1880 Insons
399 1842 600 1877 innocuum
632 1844 756 1887 tonat3
1058 1841 1204 1887 Vincat,
1238 1844 1274 1875 te
1307 1839 1453 1886 fugiens
1486 1840 1625 1878 domet.

238 1943 459 1983 Marti1iengo
484 1943 505 1973 l.
535 1953 561 1971 c.
590 1952 619 1982 1).
650 1939 712 1971 195,
739 1953 788 1980 sq.
815 1959 858 1963 ——
884 1939 904 1971 5
931 1940 1148 1981 priinipulos.
1175 1958 1217 1960 —
1247 1939 1287 1972 10
1313 1941 1454 1972 inscios.
1478 1957 1522 1961 —
1547 1937 1591 1973 20
1614 1940 1716 1972 Prior

147 1988 243 2030 quid.
268 2006 311 2009 —
339 1987 516 2028 „Explicit
540 1987 581 2017 (le
607 1987 890 2017 lnuoeeiitilnus“.

593 2166 675 2201 25⁸.
701 2167 758 2209 (4.)
793 2166 850 2200 De
877 2166 1021 2200 sancta
1048 2165 1268 2200 (un-istina.

413 2264 643 2300 Intemerata
674 2261 750 2298 fide
782 2267 933 2298 nostrae
963 2271 1142 2297 succurre
1173 2260 1315 2303 ruinae,

473 2320 559 2365 lpse
592 2319 696 2354 dedit
731 2319 839 2367 vires,
874 2318 978 2354 cuius
1011 2329 1137 2354 amore
1169 2317 1285 2363 viges.

413 2376 467 2412 Te
498 2381 606 2422 patro
638 2379 855 2421 contempto
886 2375 966 2419 regi
998 2375 1198 2411 coniuncta
1229 2384 1393 2420 superno

473 2433 601 2477 Iurgia
633 2432 800 2477 derides,
834 2431 993 2468 verbera
1021 2432 1125 2468 nulla
1155 2431 1278 2469 times.

355 2491 376 2527 5
419 2489 468 2526 Et
503 2489 590 2535 quia
621 2493 657 2524 te
689 2488 862 2525 Christus
893 2488 1061 2524 salvator
1092 2488 1260 2533 possidet
1294 2487 1407 2533 intus,

472 2546 547 2591 Ira,
581 2544 698 2589 furor,
732 2545 881 2591 gladius
912 2545 964 2581 nil
997 2545 1098 2581 valet
1129 2544 1310 2581 exterius.

418 2603 527 2640 Iussa
560 2602 695 2638 ducum
726 2602 887 2649 spernis,
917 2601 1053 2638 temnis
1084 2606 1290 2647 praecepta
1320 2599 1502 2647 parentis,

468 2658 530 2695 Sic
560 2663 687 2695 servat
718 2669 894 2704 sponsam
927 2669 995 2695 rex
1027 2658 1064 2693 in
1097 2667 1215 2704 agone
1246 2668 1366 2693 suain.

412 2716 573 2752 Aestuat
602 2715 792 2761 Urbanus,
825 2714 952 2751 fremit
984 2714 1093 2751 Idion
1127 2718 1161 2749 et
1196 2713 1386 2760 Iulianus3

331 2774 381 2810 10
483 2772 600 2808 Arma
631 2771 838 2818 pudicitiae
869 2772 951 2818 quis
983 2781 1164 2818 superare
1195 2769 1350 2816 potest?
