1785 3111
729 92 1035 132 -601—

95 217 158 238 ms.
183 216 325 248 precum
348 206 569 248 Margaretae
593 205 829 247 Andegaven.,
855 207 997 248 reginae
1022 205 1171 248 Angliae
1199 203 1433 238 1445—1448.
1475 206 1558 239 Cod.
1577 206 1666 238 Coll.

94 253 176 284 Iesu
200 252 371 284 Oxonien.
407 249 480 283 124.
513 250 555 282 Ε.
584 269 626 274 -
662 252 758 284 Orat.
791 262 854 283 ms.
880 251 1104 283 Flandricum
1138 261 1228 283 saec.
1256 250 1309 283 15.
1357 251 1440 283 Cod.
1466 252 1665 284 Bruxellen.

189 342 255 374 Str.
281 341 302 374 2
326 343 380 375 bis
405 339 449 374 23
473 341 560 373 inkl.
586 341 700 373 fehlen
726 342 766 373 A.
791 359 834 364 —
863 341 892 381 1,
926 341 945 374 5
970 344 1026 375 Da
1051 354 1244 376 sermonem
1269 343 1431 376 meditari
1456 343 1495 374 B.
1520 359 1564 364 ——
1589 341 1621 382 2,
1647 342 1667 376 2

95 389 188 421 Ante
214 388 296 420 huic
319 387 447 419 mundo
472 387 523 428 D;
548 387 739 428 Postquam
766 387 849 419 huic
873 388 912 419 Β.
937 406 983 409 -
1007 386 1038 427 2,
1065 388 1085 421 5
1112 390 1161 422 Ut.
1185 399 1228 420 ne
1246 388 1323 430 CD;
1350 392 1460 420 totam
1478 389 1517 420 Β.
1535 406 1580 410 -
1595 387 1627 429 4,
1646 388 1667 421 2

96 436 198 476 virga
222 444 337 476 regem
362 434 400 465 B.
426 451 468 456 --
493 430 526 471 4,
551 430 572 464 6
597 433 792 474 susciperes
817 434 861 466 D.
891 450 932 455 —-
960 432 990 472 5,
1018 432 1034 465 1
1062 435 1168 466 turris
1194 434 1238 474 C;
1270 435 1388 466 nutrix
1412 434 1462 473 E,
1488 439 1599 466 mater
1623 437 1664 467 D.

94 497 139 502 ——
165 478 197 519 5,
224 477 244 510 2
269 478 436 511 adhaeres
462 478 505 509 D.
530 495 575 499 ——
599 476 630 516 5,
655 476 677 509 4
703 478 808 510 Salve
833 478 939 511 ΒΕΓ.
965 498 1007 501 ——
1025 478 1058 518 5,
1075 478 1095 511 5
1122 481 1220 519 Quae
1245 480 1388 511 caelesti
1414 480 1489 511 BD.
1516 497 1559 501 —
1584 479 1616 519 6,
1647 480 1663 512 1

95 525 172 557 sola
204 525 300 556 mitis
332 524 371 555 F.
397 541 440 545 —
462 521 506 562 6,
531 520 552 555 3
582 523 686 565 plena
709 523 839 565 gaudio
864 524 906 556 Ε.
933 541 976 546 -
1001 522 1032 564 6,
1058 523 1079 555 4
1104 526 1188 563 Ave,
1214 525 1274 556 lux
1299 527 1341 557 D.
1369 543 1411 547 -—
1437 523 1467 564 6,
1494 523 1514 556 5
1538 530 1667 558 vocant

93 571 134 603 B.
159 588 204 591 —
237 567 268 610 6,
295 567 315 601 6
347 570 439 601 Dato
473 569 572 611 regni
598 569 687 600 solio
713 568 790 608 ΟΕ,
828 570 921 601 Data
946 571 1044 611 regni
1070 570 1158 602 solio
1184 571 1227 602 D.
1253 588 1298 592 —
1323 569 1352 610 7,
1383 568 1398 601 1
1426 571 1602 603 illustrata
1627 573 1664 603 F.

93 634 139 637 —
174 613 204 655 7,
230 613 251 646 2
283 625 386 647 carne
418 614 505 646 fehlt
529 614 566 646 C.
593 633 635 636 —-
662 612 693 654 7,
718 611 739 645 6
764 616 801 645 in
826 615 987 647 incendio
1013 615 1054 647 E.
1080 633 1123 636 —-
1149 613 1181 654 8,
1208 614 1228 647 2
1253 617 1331 656 Qua
1355 616 1397 648 E.
1424 632 1467 636 —
1493 613 1523 655 8,
1550 614 1570 648 3
1597 618 1666 649 Per

94 665 129 693 te
165 660 231 692 hoc
261 660 430 693 laetificat
452 661 496 692 D.
522 676 564 680 —-
589 657 620 698 8,
654 658 675 691 4
699 660 855 701 gaudens
882 662 1066 692 occurristi
1092 662 1131 693 B.
1159 679 1198 682 -—
1227 659 1257 699 8,
1284 660 1304 692 5
1329 661 1484 704 gaudens
1509 664 1665 704 genuisti

92 704 136 738 D.
171 724 207 728 —-
247 705 277 745 9,
311 704 332 737 2
365 706 472 748 Virgo
502 715 646 737 manens
672 705 714 737 D.
741 722 783 726 —
809 703 842 744 9,
866 704 889 737 4
912 706 1049 739 Gaudet
1072 707 1207 738 vultum
1233 708 1322 738 tanti
1347 708 1392 746 133
1419 706 1504 746 Ave,
1529 708 1664 740 vultum

95 755 194 784 tante
218 753 310 794 regis
336 752 379 784 D.
405 768 446 772 -—
473 749 503 789 9,
529 749 550 782 5
577 752 651 782 eius
677 751 879 792 pannisD,
914 753 1039 793 pannis
1065 754 1156 794 regis
1182 752 1287 784 DEF.
1313 770 1358 772 —
1386 750 1436 789 10,
1466 751 1480 783 1
1508 754 1601 795 geris
1628 755 1664 786 F.

94 814 138 819 -
166 794 218 836 10,
243 795 263 828 2
288 797 425 838 lapsum
451 794 488 838 [1.
514 793 638 838 lapsis]
664 796 772 827 solem
797 797 841 828 D.
866 814 911 817 —
939 795 991 836 10,
1017 796 1036 829 6
1061 798 1239 839 proferens
1266 798 1309 836 C,
1336 798 1511 839 perferens
1530 799 1602 830 DF.
1640 817 1664 821 —

97 840 149 881 11,
176 841 197 874 2
222 844 367 874 astricta
389 853 472 874 vero
498 842 568 883 legi
594 843 632 873 B.
657 858 700 863 —
729 839 781 880 12,
805 840 828 873 4
853 842 1052 874 Simeonem
1077 843 1310 885 gratulantem
1336 844 1379 874 D.
1405 860 1450 864 —
1476 841 1526 881 12,
1553 842 1573 875 5
1599 846 1665 877 tibi

94 889 328 920 comminante
354 888 399 929 B;
433 888 547 929 Atque
571 888 637 919 tibi
661 889 930 919 comminantem
957 889 1000 920 D.
1027 906 1071 909 —
1108 886 1161 927 13,
1186 886 1207 920 2
1232 889 1330 927 Quae
1356 892 1408 920 est
1432 892 1527 919 tutor
1553 892 1664 922 omnis

94 931 136 965 D.
163 951 205 955 —-
234 931 285 972 13,
311 931 332 966 3
358 934 505 966 Secessu
533 934 570 964 in
594 933 755 975 Aegypto
780 933 824 964 D.
850 951 893 956 —
922 931 974 972 13,
1000 932 1022 965 4
1046 934 1113 965 Tui
1138 935 1215 965 iura
1240 944 1318 965 cum
1345 933 1499 965 custodis
1525 935 1570 974 C,
1601 935 1665 968 Cui

95 989 213 1011 curam
238 989 317 1011 cum
342 978 496 1010 custodis
520 978 563 1009 E.
588 995 632 1000 —
660 976 712 1017 13,
737 976 757 1009 5
782 979 891 1010 furias
917 980 961 1011 D.
987 996 1029 1002 —
1058 977 1108 1017 14,
1135 978 1157 1010 4
1181 990 1273 1010 nunc
1299 979 1387 1011 fehlt
1411 980 1462 1019 D;
1489 980 1548 1012 Sic
1568 984 1664 1013 stans

93 1035 164 1056 non
188 1028 286 1056 extra
309 1025 356 1064 Β;
384 1024 443 1056 Sic
466 1023 634 1056 reducens
660 1023 703 1055 ad
727 1024 765 1055 F.
791 1042 836 1045 —
863 1022 914 1065 14,
940 1023 960 1056 5
987 1026 1155 1057 visitabat
1179 1026 1225 1063 B,
1252 1026 1405 1056 visitasti
1433 1025 1474 1055 D.
1501 1043 1546 1047 —-
1574 1024 1624 1065 15,
1647 1025 1662 1059 1

94 1070 199 1102 Salve
232 1070 409 1102 Christum
441 1069 583 1107 BCDE,
618 1069 794 1100 reclusisti
827 1070 866 1101 B.
894 1090 935 1093 —
965 1069 1016 1108 16,
1041 1068 1061 1102 6
1086 1071 1170 1102 Vita
1195 1070 1266 1101 BE.
1294 1088 1329 1092 -·-
1363 1068 1415 1108 17,
1441 1068 1462 1101 2
1488 1071 1666 1104 Christum

91 1115 226 1148 BCEF.
251 1133 296 1136 —
323 1113 374 1154 17,
399 1113 422 1146 4
446 1115 528 1146 hinc
551 1114 637 1146 fehlt
660 1115 704 1146 D.
731 1131 775 1135 -—
803 1113 853 1153 17,
880 1114 900 1146 5
926 1116 1027 1155 Quod
1052 1118 1135 1147 tunc
1160 1117 1204 1147 D.
1228 1134 1272 1138 —
1300 1114 1352 1155 17,
1378 1115 1398 1148 6
1426 1118 1497 1157 pati
1517 1117 1664 1149 doluisti

91 1162 129 1194 C.
163 1180 205 1184 —
242 1158 295 1199 18,
328 1158 349 1192 2
381 1161 454 1192 Ave
487 1161 532 1192 D.
564 1177 608 1181 -—
645 1158 695 1198 18,
730 1158 750 1191 5
783 1160 961 1202 dispersus
987 1171 1070 1203 prae
1095 1162 1218 1193 timore
1243 1162 1287 1193 D.
1313 1179 1359 1182 ——
1387 1159 1436 1199 18,
1463 1160 1483 1193 6
1508 1163 1601 1194 Dum
1627 1165 1665 1195 in

90 1206 159 1239 fide
184 1207 227 1238 D.
252 1223 298 1228 —
323 1203 375 1244 18,
401 1204 421 1237 6
446 1205 567 1238 Gaude
594 1205 662 1237 EF.
689 1223 735 1226 ——
762 1204 813 1245 19,
839 1205 859 1238 6
885 1207 1006 1239 Gaude
1033 1207 1097 1238 tali
1123 1208 1191 1238 BC.
1218 1225 1260 1229 —
1286 1204 1339 1244 20,
1366 1205 1386 1238 2
1414 1208 1537 1239 Mundi
1560 1207 1665 1241 huius

90 1255 171 1294 post
195 1252 238 1283 D.
264 1268 307 1272 —
336 1249 390 1290 20,
416 1250 436 1283 3
462 1251 717 1283 Concedentem
743 1252 790 1290 B;
817 1252 1071 1284 Ascendentem
1096 1252 1139 1283 D.
1166 1269 1209 1273 —
1234 1249 1287 1288 20,
1314 1251 1335 1283 4
1362 1253 1476 1294 Supra
1494 1253 1594 1285 BCE.
1621 1272 1666 1276 —

89 1295 146 1336 20,
171 1295 191 1328 5
209 1298 419 1329 Occurrente
437 1297 480 1328 D.
498 1313 542 1317 —
559 1294 612 1337 21,
635 1294 655 1327 6
672 1297 713 1328 In
730 1296 837 1339 liguis
856 1299 969 1339 igneis
987 1299 1030 1329 D.
1048 1316 1092 1319 —
1109 1295 1164 1337 22,
1189 1296 1212 1329 4
1230 1298 1339 1329 solam
1358 1298 1490 1330 ACEF.
1508 1315 1552 1320 —-
1569 1297 1623 1339 22,
1643 1298 1663 1332 6

91 1344 275 1374 incarnata
299 1343 336 1375 C.
361 1360 406 1365 —
438 1339 491 1380 23,
525 1339 546 1373 2
578 1353 750 1373 summum
786 1342 919 1374 BCDE.
952 1361 995 1364 —
1020 1341 1074 1381 23,
1101 1341 1120 1374 5
1146 1343 1214 1375 Pro
1240 1347 1274 1375 te
1300 1344 1336 1374 F.
1362 1362 1405 1366 —
1432 1342 1485 1382 24,
1511 1342 1533 1375 4
1560 1346 1601 1376 In
1628 1349 1661 1377 te

90 1389 171 1419 vive
197 1387 408 1420 confidentes
434 1389 472 1419 B.
497 1404 541 1408 —
575 1386 627 1425 24,
656 1385 676 1418 6
705 1388 782 1419 Tua
808 1392 930 1420 sancta
954 1398 1098 1420 munera
1122 1389 1165 1420 D.
1192 1406 1235 1410 -—
1261 1386 1315 1425 25,
1344 1388 1360 1420 1
1389 1389 1504 1426 Salve,
1531 1390 1662 1429 schola,

92 1444 170 1475 spes
197 1433 240 1473 03
274 1433 396 1471 Salve,
430 1443 509 1474 spes
541 1436 682 1465 nostrae
715 1434 840 1465 salutis
874 1435 917 1465 D.
942 1451 987 1455 -—
1011 1432 1065 1472 25,
1092 1432 1112 1466 :3
1137 1434 1283 1466 Pressus
1314 1436 1354 1465 D.
1379 1452 1425 1455 —
1450 1433 1503 1474 25,
1529 1434 1551 1466 4
1576 1437 1664 1467 Iuva

91 1481 154 1510 tua
186 1480 316 1520 pietate
348 1480 420 1510 BD.
458 1497 498 1500 —
533 1476 587 1516 25,
620 1477 640 1510 6
664 1479 760 1520 reple
785 1479 896 1520 copiis
921 1481 990 1513 BF.
1017 1498 1062 1500 —
1086 1477 1139 1520 26,
1162 1477 1183 1511 3
1208 1481 1397 1521 purissima
1423 1481 1465 1512 D.
1492 1498 1536 1502 —
1563 1479 1616 1519 26,
1644 1479 1664 1513 6

90 1525 198 1566 Virgo
224 1524 454 1556 dilectissima
478 1524 521 1555 D.
547 1540 591 1545 —-
623 1522 678 1562 27,
705 1523 726 1556 2
751 1535 804 1556 me
830 1525 990 1557 dulcores
1015 1525 1058 1556 D.
1084 1542 1127 1546 —
1154 1523 1207 1563 27,
1234 1523 1254 1557 3
1280 1526 1445 1557 incedant
1469 1527 1518 1566 D,
1552 1528 1664 1558 inten-

92 1569 176 1602 dant
200 1569 242 1602 E.
266 1587 310 1591 ——
339 1567 392 1608 27,
418 1567 440 1600 4
464 1570 644 1602 detineant
668 1571 705 1602 C.
732 1587 775 1591 —
801 1567 855 1608 27,
882 1568 902 1602 5
928 1567 1008 1602 Hoc
1031 1572 1155 1602 nutriti
1180 1571 1225 1602 da
1250 1572 1296 1611 C,
1332 1572 1409 1603 Hoc
1435 1573 1530 1603 nutri
1556 1576 1663 1614 tuque

91 1615 232 1647 dulcore
255 1616 293 1647 F.
319 1632 364 1636 --
387 1612 442 1654 27,
469 1614 488 1647 6
512 1615 566 1646 Ad
591 1619 748 1657 optatum
774 1617 817 1647 D.

185 1661 341 1702 „Iubilus
367 1662 478 1692 sancti
495 1661 665 1692 Bernardi
690 1662 829 1693 abbatis
856 1661 899 1692 ad
918 1662 1068 1693 Mariam
1093 1663 1266 1703 virginem
1284 1662 1325 1694 de
1344 1663 1506 1694 omnibus
1525 1663 1663 1695 deliciis

92 1703 267 1738 eiusdem“
293 1706 336 1738 D.
361 1724 407 1727 —
429 1707 498 1738 Die
516 1706 746 1738 Handschrift
763 1707 790 1738 F
816 1707 977 1738 bemerkt
1002 1718 1045 1738 zu
1069 1707 1201 1738 diesem
1218 1708 1326 1739 Liede
1345 1718 1379 1739 u.
1399 1718 1441 1739 zu
1458 1709 1520 1741 Nr.
1540 1706 1606 1740 395
1616 1706 1663 1749 (6)

91 1751 153 1783 das
177 1751 370 1794 Folgende:

183 1797 360 1838 „Simplex
392 1798 617 1838 pertractatio
650 1797 855 1829 deliciarum
887 1799 1038 1840 virginis
1072 1798 1266 1839 gloriosae:
1301 1800 1382 1830 item
1410 1799 1592 1831 meditatio
1621 1799 1663 1832 de

95 1846 312 1875 sacramento
337 1842 459 1874 altaris
485 1843 655 1884 perutilis.

181 1889 348 1921 Universi
380 1890 543 1919 noverint
567 1887 821 1927 christifideles,
857 1889 949 1930 quod
974 1899 1065 1920 anno
1092 1890 1236 1921 Domini
1265 1887 1351 1921 1276
1371 1891 1543 1922 existente
1571 1900 1662 1922 anno

90 1935 202 1976 primo
244 1933 465 1975 pontificatus
506 1934 650 1965 Domini
690 1943 802 1975 papae
838 1934 978 1966 Nioolai
1019 1935 1132 1973 tertii,
1174 1937 1234 1977 qui
1271 1936 1465 1967 vocabatur
1502 1935 1663 1968 dominus

90 1979 265 2011 Iohannes
306 1975 510 2020 Gaytansffl
552 1979 672 2011 eodem
711 1989 803 2012 anno
845 1980 952 2012 frater
992 1980 1215 2012 Iohannes
1258 1981 1506 2023 Anglicus,
1556 1981 1664 2013 lector

89 2025 236 2057 fratrum
279 2025 469 2062 minorum,
510 2025 642 2056 Romae
682 2026 878 2067 composuit
918 2025 1005 2057 duas
1045 2026 1295 2065 salutationes,
1337 2036 1442 2057 unam
1480 2027 1523 2058 de
1560 2027 1664 2059 beata

90 2069 227 2112 virgine
252 2071 367 2102 Maria
400 2073 435 2101 et
466 2069 611 2101 alteram
646 2070 688 2102 de
721 2074 939 2102 sacramento
973 2071 1114 2109 altaris,
1150 2082 1236 2112 quas
1271 2073 1412 2113 scripsit
1444 2073 1480 2102 in
1514 2073 1665 2113 quadam

92 2115 252 2154 scedula,
290 2125 394 2157 quam
435 2115 610 2147 scedulam
647 2116 813 2157 pependit
849 2117 947 2148 iuxta
984 2118 1112 2148 ostium
1149 2117 1270 2148 altaris
1308 2117 1440 2148 domini
1478 2127 1588 2158 papae
1628 2120 1664 2149 in

91 2161 241 2193 ecclesia
279 2161 375 2192 beati
414 2160 510 2192 Petri
546 2162 688 2193 Romae.
748 2162 795 2193 Et
835 2162 957 2193 eodem
998 2172 1089 2193 anno
1127 2173 1190 2204 ego
1232 2162 1461 2193 Iohannes
1502 2163 1664 2195 Iudoci

92 2206 340 2249 Flandrigena,
366 2207 579 2238 Morinensis
605 2207 787 2245 dioecesis,
813 2208 950 2238 iuvenis
976 2207 1125 2238 clericus
1143 2209 1314 2238 exsistens
1334 2208 1371 2238 in
1389 2208 1486 2238 curia
1504 2209 1664 2240 Romana

92 2255 129 2284 et
164 2253 412 2294 impetratione
450 2261 528 2283 mea
563 2256 763 2294 perpetrata
799 2253 835 2283 in
873 2252 983 2283 forma
1019 2253 1195 2283 communi
1231 2254 1369 2294 copiam
1407 2253 1663 2293 praedictarum

94 2297 345 2329 salutationum
377 2297 515 2329 obtinui
546 2298 711 2339 gratiose.
770 2297 904 2329 Deinde
937 2308 1028 2329 anno
1062 2298 1206 2329 Domini
1247 2296 1332 2330 1326
1366 2308 1429 2339 ego
1464 2299 1664 2340 praedictus

92 2342 266 2374 Iohannes
299 2342 440 2379 Iudoci,
474 2353 579 2374 senex
613 2342 754 2374 effectus
788 2346 822 2374 et
853 2342 999 2381 debilis,
1035 2344 1119 2384 quia
1152 2353 1213 2384 per
1241 2341 1285 2375 48
1311 2354 1421 2375 annos
1446 2354 1564 2375 curam
1591 2346 1664 2376 ani-

91 2397 228 2419 marum
254 2387 487 2429 personaliter
512 2388 650 2419 obtinui
676 2392 710 2419 et
735 2387 778 2419 ad
804 2398 969 2429 praesens
995 2387 1106 2420 habeo
1125 2399 1244 2420 curam
1261 2391 1456 2420 animarum
1476 2390 1664 2431 parochiae

90 2433 259 2464 Montis
283 2433 456 2474 glaciei
481 2434 503 2463 i.
530 2443 558 2464 e.
585 2433 627 2464 de
650 2433 956 2474 Ysemberghe
982 2434 1019 2464 in
1044 2435 1219 2466 territorio
1246 2435 1429 2473 Furnensi,
1457 2439 1491 2467 et
1516 2438 1664 2468 maxime

93 2478 295 2510 desiderans
321 2478 470 2509 salutem
495 2479 692 2509 animarum
717 2480 871 2510 omnium
895 2477 1051 2510 fidelium
1079 2480 1369 2518 christianorum,
1403 2484 1437 2512 et
1461 2480 1539 2513 ideo
1565 2491 1664 2523 prae-

93 2523 205 2556 dictas
238 2523 486 2561 salutationes,
521 2533 611 2565 quae
644 2524 849 2565 praevalent
881 2525 975 2556 omni
1013 2534 1099 2557 auro
1133 2528 1168 2556 et
1199 2529 1342 2567 argento
1370 2530 1404 2557 et
1429 2528 1523 2558 omni
1548 2527 1664 2569 lapide

93 2570 258 2611 pretioso,
288 2570 325 2600 in
350 2569 499 2610 quadam
526 2569 667 2600 scedula
692 2571 840 2611 scriptas
865 2571 1006 2602 nomine
1031 2573 1231 2602 testamenti
1258 2573 1325 2603 mei
1351 2571 1471 2603 multis
1497 2573 1664 2613 praelatis

94 2618 129 2646 et
153 2615 365 2657 presbyteris
390 2616 521 2646 curatis
538 2615 752 2646 Morinensis
765 2614 935 2647 dioecesis
950 2615 1126 2648 destinare
1142 2627 1310 2658 propono.
1349 2617 1462 2655 Quam
1477 2618 1664 2656 scedulam,

94 2659 228 2692 domini
252 2661 331 2698 mei,
356 2661 393 2691 in
418 2660 576 2692 ecclesiis
601 2661 739 2698 vestris,
766 2661 795 2691 si
820 2661 921 2692 vobis
946 2661 1128 2702 placuerit,
1154 2661 1301 2694 honeste
1326 2664 1478 2704 ponatis,
1504 2664 1554 2695 ita
1572 2663 1664 2705 quod

98 2705 246 2746 quilibet
270 2705 383 2737 fidelis
407 2706 568 2737 literatus
593 2705 710 2737 valeat
726 2707 862 2747 copiam
881 2706 1046 2739 obtinere.
1086 2707 1210 2739 Valete
1227 2708 1264 2738 in
1281 2711 1400 2739 nostro
1419 2708 1575 2748 salutari,
1603 2719 1664 2750 pro

92 2760 148 2782 me
183 2754 217 2783 et
247 2761 309 2793 pro
342 2751 449 2783 fratre
472 2751 630 2783 Iohanne
654 2750 822 2793 Anglico,
858 2753 1090 2793 compositore
1116 2753 1373 2794 praedictarum
1399 2753 1663 2792 salutationum,

95 2796 124 2827 si
150 2796 330 2836 placuerit,
355 2797 472 2828 velitis
495 2794 628 2828 orare“.
646 2814 690 2818 —
710 2797 777 2828 Die
795 2797 968 2829 Lesarten
983 2808 1053 2830 von
1070 2798 1161 2830 ACE
1179 2798 1357 2830 verdanke
1375 2799 1430 2830 ich
1449 2799 1534 2830 Rev.
1553 2801 1597 2831 H.
1617 2799 1664 2831 M.

94 2841 294 2874 Bannister.
