1785 3111
403 187 441 223 8.
501 186 589 231 Ipse
620 184 761 220 homini
793 183 879 230 quia
909 186 1044 219 cuncta
1077 183 1196 228 dedit,

501 242 602 286 Quae
634 241 802 286 capimus
835 239 1052 276 dominante
1083 251 1208 287 manu,

502 298 610 343 Quae
640 297 749 343 polus
781 301 846 333 aut
876 296 1010 332 humus
1041 301 1106 332 aut
1135 296 1291 343 pelagus

500 355 619 402 Aere,
651 353 812 401 gurgite,
845 363 932 389 rure
964 357 1105 400 creant,

504 410 609 446 Haec
640 410 731 446 mihi
763 409 935 446 subdidit
966 413 1004 445 et,
1033 409 1196 448 sibimet.

207 510 335 550 Hymn.
366 520 428 541 mS.
456 510 489 540 S.
515 510 682 541 Iohannis
708 509 914 541 Laudunen.
940 519 1029 540 saec.
1059 507 1110 540 10.
1161 509 1244 540 Cod.
1270 510 1416 542 Bel-nen.
1441 508 1517 541 455.
1543 526 1585 531 —
1604 507 1634 547 2,
1662 506 1679 542 1

116 556 367 632 ξζιῐιὶιὲἣίιιίῖζεῖο.
393 572 435 575 -
461 553 490 591 5,
519 553 540 586 2
564 556 698 597 flagrat.
723 573 769 575 —
794 554 823 593 6,
849 553 1015 586 4Texere
1041 555 1221 595 doctolege
1247 555 1414 596 strophio.
1442 573 1476 577 -v
1502 554 1532 592 7,
1558 554 1578 585 4
1599 555 1682 586 data

534 701 593 735 32).
637 701 749 742 (151).)
786 700 959 742 Hymnus
985 700 1079 734 ante
1106 699 1257 735 Cibum.

372 770 541 811 (Cathem.
568 771 631 809 III,
661 768 786 809 1—203
813 768 963 805 845—952
993 768 1190 807 166-18ος
1220 767 1422 810 196—200).

421 865 456 902 1.
518 863 551 902 O
584 862 748 900 crucifer
775 863 884 908 bone,
916 863 1011 899 lucis
1043 867 1157 907 sator,

520 921 770 968 Omniparens
802 919 875 967 pie,
910 919 1127 965 verbigena,

519 977 636 1014 Edite
667 987 825 1023 corpore
856 976 1036 1024 virgineo,

520 1034 594 1070 Sed
625 1034 731 1080 prius
761 1034 800 1070 in
830 1033 1001 1080 genitore
1031 1036 1180 1079 potens,

522 1092 644 1139 Astra,
680 1090 812 1135 solum,
845 1100 948 1126 mare
978 1100 1089 1135 quani
1119 1088 1264 1126 fierent.

420 1207 458 1243 2.
520 1205 606 1241 Huc
637 1204 771 1245 nitido,
803 1213 951 1251 precor,
984 1203 1122 1239 intuitu

520 1262 653 1299 Flecte
685 1261 921 1297 salutiferam
955 1258 1103 1301 faciem,

521 1318 664 1354 Fronte
696 1327 851 1353 serenus
884 1322 919 1353 et
950 1317 1108 1359 irradia,

517 1375 695 1411 Nominis
726 1378 767 1410 ut
797 1373 867 1410 sub
899 1374 1040 1410 honore
1071 1374 1125 1410 tui

521 1433 600 1469 Has
632 1431 763 1476 epulas
795 1431 908 1467 liceat
940 1440 1088 1476 capere.

415 1548 452 1585 3.
513 1545 568 1581 Te
599 1545 679 1580 sine
711 1544 821 1580 dulce
852 1543 960 1588 nihil,
993 1543 1164 1587 Domine,

513 1602 594 1639 Nec
624 1601 729 1637 iuvat
759 1610 824 1637 ore
853 1601 944 1646 quid
976 1600 1170 1648 adpetere,

510 1658 653 1695 Pocula
683 1657 722 1694 ni
752 1657 859 1703 prius
891 1661 1003 1703 atque
1034 1656 1149 1698 cibos,

510 1715 674 1759 Christe,
708 1718 794 1750 tuus
826 1712 935 1750 favor
965 1713 1143 1749 imbuerit

511 1771 645 1809 Omnia
676 1768 936 1807 sanctificante
967 1768 1055 1808 fide.

417 1889 456 1925 4,
516 1885 681 1921 Fercula
713 1887 842 1920 nostra
874 1883 996 1919 Deum
1027 1883 1189 1930 sapiant,

514 1941 686 1979 Christus
718 1945 753 1976 et
785 1939 918 1976 influat
948 1940 985 1975 in
1017 1945 1193 1987 pateras3

515 1998 635 2043 Seria,
668 1997 827 2044 ludrica,
860 1996 988 2041 verba,
1019 1996 1134 2039 iocos,

514 2055 699 2101 Denique,
733 2053 834 2100 quod
866 2064 991 2089 sumus
1024 2058 1088 2089 aut
1119 2052 1276 2099 agimus,

515 2112 633 2149 Trina
665 2120 827 2156 superne
858 2115 964 2155 regat
994 2109 1132 2155 pietas,

513 2226 580 2266 Te,
612 2228 723 2270 pater
753 2223 906 2269 optime,
939 2232 1048 2259 mane
1076 2233 1186 2266 novo,

516 2281 614 2318 Solis
647 2285 683 2316 et
714 2280 838 2317 orbita
870 2291 952 2315 cum
984 2279 1110 2315 media
1142 2285 1211 2325 est,

514 2338 568 2374 Te
599 2348 745 2383 quoque
777 2337 859 2372 luce
891 2336 960 2372 sub
989 2335 1160 2384 occidua,

515 2395 671 2432 Sumere
702 2404 784 2430 cum
816 2398 943 2429 monet
973 2392 1067 2428 hora
1099 2392 1235 2441 cibum,

514 2451 668 2496 Nostra,
703 2451 816 2498 Deus,
851 2454 961 2487 canet
991 2449 1199 2486 harmonia.

416 2227 451 2264 ,σῖ

418 2566 454 2603 6.
516 2564 622 2610 Quod
655 2563 753 2600 calet
785 2563 925 2599 halitus
955 2561 1128 2606 interior,

516 2620 639 2657 Corde
667 2619 768 2666 quod
804 2619 935 2656 abdita
966 2629 1062 2656 vena
1092 2617 1233 2663 tremit,

515 2676 647 2714 Pulsat
679 2680 715 2712 et
746 2676 863 2712 incita
894 2676 995 2722 quod
1028 2685 1200 2711 resonam

517 2733 665 2779 Lingua
696 2734 765 2769 sub
797 2743 862 2769 ore
893 2733 1016 2770 latens
1048 2741 1212 2774 caveam,

517 2790 617 2826 Laus
649 2789 778 2837 superi
810 2789 931 2835 patris
963 2793 1043 2825 esto
1074 2787 1178 2824 mihi.
