1785 3111
738 63 1049 103 —535—

109 181 186 219 4a.
229 179 274 216 In
304 179 376 216 hoc
406 178 512 225 signo
543 176 775 224 triumphali,
933 176 1009 216 4b.
1050 178 1160 215 Mare
1192 177 1314 214 credit
1345 181 1381 213 et
1412 176 1553 223 obedit,

227 236 273 273 In
304 235 376 273 hac
405 234 512 281 virga
543 234 739 281 pastorali,
1045 234 1213 271 Mundus
1245 233 1379 279 credit,
1413 238 1448 270 et
1480 234 1625 271 recedit

282 293 398 340 Virga
429 290 699 338 paenitentiae,
1101 291 1222 328 Error
1251 290 1500 338 ignorantiae.

110 397 179 434 5a.
221 395 324 442 Ergo
360 393 519 431 mundas
550 395 587 429 et
618 390 800 429 fecundas
931 392 1003 432 5b.
1045 394 1157 439 Aqua
1188 393 1340 437 munda.
1373 403 1439 429 nos
1471 393 1631 430 emunda

226 451 346 488 Nobis
377 451 511 496 undas,
550 459 655 498 crux,
687 448 857 486 effundas
1043 449 1093 486 Et
1127 450 1281 487 caelesti
1312 460 1380 486 nos
1412 448 1576 487 fecunda

280 509 339 546 De
374 511 485 554 petra
517 506 742 551 dulcedinis,
1098 507 1222 544 Fonte
1253 506 1514 552 plenitudinis,

201 607 345 640 Collect.
379 618 441 639 ms.
478 607 510 639 S.
547 607 669 638 Iacobi
703 608 739 638 in
764 607 885 638 Insula
910 606 1035 638 Leodii
1061 616 1149 638 saec.
1176 604 1263 637 ¹3J14.
1313 606 1396 638 Cod.
1424 608 1679 639 Darinstadien.

112 651 212 685 2777.
238 653 279 685 A.
304 672 349 676 —
373 653 478 694 Trop.
503 662 566 683 ms.
593 652 820 684 Martialense
847 662 936 683 saec.
965 650 1015 684 13.
1059 651 1142 683 Cod.
1161 652 1312 683 Parisin.
1342 649 1437 684 1086.
1457 654 1494 684 B.
1517 670 1553 674 -
1576 654 1678 694 Trop.

110 709 172 730 ms.
203 699 432 730 Martialense
469 707 558 729 saecu
597 696 740 728 11-14.
801 698 882 729 Cod.
908 698 1059 729 Parisin.
1089 694 1189 728 1139.
1215 697 1292 728 add.
1320 707 1409 728 saec.
1444 696 1531 728 ¹⁴⁰14.
1567 698 1602 729 C.
1638 718 1678 721 —

115 745 214 776 Cant.
241 755 303 776 ms.
332 744 428 776 Petri
454 744 496 775 de
520 744 667 777 Medicis
693 753 782 775 saec.
812 740 862 774 13.
890 753 940 774 ex.
991 742 1073 774 Cod.
1103 743 1328 773 Laurentian.
1354 742 1407 774 Pl.
1436 741 1463 773 1.
1490 741 1542 774 29.
1570 744 1610 774 D.
1639 763 1679 766 —

109 791 240 831 Hymn.
266 793 299 821 et
325 790 488 832 Sequent.
518 799 580 822 ms.
605 788 888 820 Emmeramense
914 798 1004 819 saec.
1033 786 1081 819 15.
1109 787 1195 819 Clm.
1221 788 1401 819 Monacen.
1433 786 1558 820 14667.
1577 789 1617 820 Ε.
1637 807 1681 810 —

109 836 208 867 Miss.
243 846 306 868 ms.
333 836 549 867 Posoniense
585 844 674 867 saec.
709 832 759 865 15.
808 834 891 866 Cod.
917 834 1007 864 Mus.
1034 833 1228 875 Hungarici
1254 830 1331 864 219.
1356 833 1394 865 F.
1419 850 1462 854 —
1488 834 1592 865 Grad.
1619 845 1680 866 ms.

109 881 296 913 Caelestin.
334 881 505 913 Parisien.
547 892 636 913 saec.
682 878 731 911 16.
793 879 876 911 Cod.
919 879 1088 911 Mazarin.
1127 876 1204 910 448.
1247 878 1286 910 G.
1327 896 1372 899 —
1414 879 1578 920 Sequent.
1619 891 1680 912 ms.

111 926 340 969 Sangallense
365 927 449 958 anni
476 923 573 958 1516.
623 925 706 958 Cod.
733 925 934 967 Sangallen.
959 923 1141 962 (Branderl
1172 921 1248 955 546.
1275 924 1315 956 G.

202 972 269 1004 Str.
303 970 324 1004 2
355 971 442 1004 fehlt
474 971 549 1004 AD.
583 991 626 994 —
656 968 718 1005 3a.
747 970 762 1003 1
792 974 883 1002 recte
908 971 945 1002 F.
981 987 1015 991 —
1057 967 1118 1003 3a.
1142 967 1162 1000 ‘2
1188 969 1402 1011 praeelectus
1429 970 1465 1001 C.
1493 987 1534 990 —
1560 968 1622 1002 31).
1661 968 1680 1001 2

108 1017 276 1049 collectus
303 1018 377 1050 AD.
403 1035 447 1039 —-
473 1015 539 1048 Str.
566 1016 588 1049 4
611 1017 697 1049 fehlt
720 1017 796 1048 AD.

503 1175 586 1210 365.
622 1175 682 1215 (5.)
719 1173 873 1209 Contra
898 1173 1094 1208 Potentes
1122 1172 1289 1208 saeculi.

580 1269 769 1316 Exsurge,
803 1267 944 1305 dormis
977 1266 1165 1304 Domine?

578 1326 685 1364 Nihil
715 1325 754 1362 in
785 1329 849 1361 tuo
879 1324 1030 1361 nomine

636 1384 815 1419 Potentes
848 1385 962 1428 agunt
993 1381 1119 1428 hodie,

635 1439 821 1476 Miserere
851 1438 1029 1475 miseriae

578 1496 885 1533 Miserandorum
917 1505 1133 1542 pauperum

581 1553 631 1590 Et
661 1552 900 1590 inventorum
933 1552 1117 1589 scelerum

640 1610 721 1646 Tua.
751 1609 892 1646 virtute
925 1609 1105 1646 dexterae

640 1667 819 1704 Potentes
851 1666 925 1702 cito
958 1670 1122 1712 contere⁷

580 1723 650 1770 Qui
681 1723 848 1760 laborem
882 1723 1100 1760 consideras

210 1784 233 1806 ⁴
584 1780 635 1817 Et
664 1780 900 1818 laborantem
932 1779 1085 1818 liberas.

211 1882 354 1914 Collect.
372 1892 434 1913 ms.
454 1881 488 1914 S.
506 1881 624 1913 Iacobi
642 1883 679 1912 in
695 1881 816 1913 Insula
833 1881 955 1912 Leodii
976 1890 1066 1912 saec.
1086 1877 1173 1911 ¹3x'14.
1211 1878 1294 1911 Cod.
1315 1878 1572 1910 Darmstadien.
1587 1876 1686 1910 2777.

591 2037 673 2073 36&
711 2038 768 2079 (6)
806 2037 950 2073 Cautio
978 2037 1026 2072 ‹le
1053 2035 1233 2072 Christo.

561 2132 734 2170 Christus
764 2132 946 2169 assistens
976 2129 1150 2179 pontifex

616 2189 794 2226 Formam
825 2188 980 2234 scripsit
1011 2186 1243 2234 pontificum,

621 2245 762 2291 Quibus
795 2243 981 2291 praefecit
1011 2244 1175 2290 unicum,

562 2302 615 2340 Ut
646 2313 855 2348 pauperum
888 2301 937 2338 sit
968 2299 1110 2347 opifex,

618 2357 663 2397 In
694 2369 766 2405 quo
796 2358 978 2394 virtutum
1009 2358 1193 2401 normula,

619 2416 662 2452 In
694 2425 766 2461 quo
797 2415 951 2451 vivendi
982 2414 1113 2461 regula

675 2472 867 2508 Monstrat
899 2471 990 2508 satis
1021 2471 1206 2517 inspecta,

619 2528 727 2574 Quod
759 2528 895 2564 ceteris
926 2528 1173 2574 praemineat⁷

617 2585 730 2632 Quasi
766 2585 829 2631 qui
863 2584 958 2621 viam
993 2584 1138 2634 doceat,

675 2641 868 2678 Zachaeus
901 2651 1015 2687 super
1045 2646 1157 2679 tecta.

210 2743 352 2775 Collect.
372 2754 433 2775 ms.
452 2744 486 2776 S.
505 2743 625 2775 Iacobi
639 2743 675 2773 in
692 2741 813 2773 Insula
830 2740 954 2772 Leodii
973 2750 1062 2773 saec.
1083 2738 1168 2773 ¹3lu.
1207 2740 1289 2773 Cod.
1309 2739 1567 2772 Damnstadien.
1583 2736 1683 2770 2777.
