1785 3111
748 54 804 57 —
861 30 943 69 402
1002 53 1058 56 —

590 142 671 177 312.
709 142 789 182 (15.)
825 141 882 175 De
909 140 1212 176 Sacerdotibus.

752 211 805 243 Ad
830 211 1051 242 Matutinum.

412 284 449 321 1.
481 282 586 320 Talis
618 292 661 319 ac
691 282 789 319 tanti
819 280 945 318 meriti
975 280 1143 318 laborem

478 340 593 386 Regis
625 338 771 376 aeterni
801 338 924 384 pietas
954 337 1117 384 benigna

478 396 685 433 Munerans
718 395 825 442 larga
855 393 1107 431 retributione

645 451 820 489 Dulciter
850 450 993 497 inquit:

446 561 454 570 .
484 532 603 579 Euge,
638 531 768 569 dilecti
799 530 903 579 mihi,
936 530 1158 576 sempiterni

481 588 621 627 Gaudii
651 598 797 624 mecum
828 587 925 624 bona
957 587 1030 624 iam
1063 591 1200 637 tenete,

481 644 609 682 Rebus
640 644 678 681 in
712 644 842 690 paucis
874 644 961 689 quia
991 654 1057 680 vos
1089 643 1222 681 fideles

648 702 742 738 Esse
773 700 946 747 probavi.

412 783 448 821 3.
482 782 560 818 lam
591 781 630 817 in
661 780 842 817 Abrahae
873 779 1018 816 sinibus
1050 779 1208 825 recepti,

483 839 560 875 Iam
594 847 684 874 suae
714 837 807 873 certi
840 837 986 873 solidae
1019 836 1164 885 salutis,

482 894 561 931 Nos
593 894 717 931 adhuc
749 894 874 930 carnis
905 893 1050 939 laqueis
1082 893 1218 939 ligatos

649 950 805 988 Solvere
837 954 981 988 curent.

413 1034 449 1070 4.
484 1030 639 1068 Gloriae
671 1041 854 1067 summum
887 1030 1001 1067 decus
1033 1032 1145 1076 atque
1177 1029 1300 1066 laudis

486 1088 567 1125 Rex
598 1087 670 1123 tibi
702 1097 842 1134 regum,
879 1087 1000 1123 deitas
1032 1086 1224 1133 perennis,

484 1144 677 1191 Quidquid
710 1148 767 1180 est
798 1154 937 1191 rerum,
970 1143 1137 1179 celebret
1170 1153 1240 1189 per
1271 1154 1378 1180 omne

650 1201 816 1247 Tempus
848 1204 886 1237 et
916 1210 1062 1237 aevum.

217 1281 348 1321 Hymn.
374 1290 436 1311 nis.
462 1279 714 1320 Andegavense
741 1289 831 1310 saec.
860 1276 911 1310 14.

971 1277 1055 1310 Cod.
1084 1277 1307 1318 Andegaven.
1336 1274 1398 1308 106
1424 1277 1464 1309 A.
1498 1294 1542 1297 —
1566 1277 1698 1316 Hymu.

128 1338 190 1358 ms.
216 1326 468 1367 Andegavense
495 1334 584 1356 saec.
614 1323 664 1356 14.
707 1324 791 1356 Cod.
817 1323 1041 1365 Andegaven.
1071 1320 1145 1355 105.
1165 1324 1201 1354 B.
1235 1340 1280 1344 —
1302 1320 1333 1361 3,
1361 1320 1377 1353 1
1397 1323 1486 1354 Nam
1511 1323 1547 1353 in
1564 1321 1635 1353 AB.
1656 1339 1698 1343 —

126 1373 198 1404 Der
215 1372 382 1413 Hymnus
408 1372 455 1402 ist
479 1370 567 1401 wohl
596 1381 660 1401 nur
686 1371 741 1402 ein
760 1369 837 1401 Teil
854 1368 1008 1409 (divisio)
1025 1369 1084 1400 des
1102 1369 1259 1410 vorigen.
1300 1368 1387 1399 Mel:
1413 1365 1486 1400 Iste
1503 1365 1700 1408 confessor.

597 1503 677 1540 313.
716 1504 798 1545 (16.)
835 1503 978 1539 Oratio
1006 1503 1056 1538 ad
1082 1504 1222 1538 Deum.

147 1589 183 1627 1.
217 1588 308 1626 Cum
342 1587 538 1634 recordor,
571 1590 711 1633 quanta
743 1597 834 1623 cura

215 1645 305 1682 Sum
338 1648 505 1681 sectatus
537 1643 709 1690 peritura

215 1702 266 1739 Et
299 1703 411 1747 quam
446 1700 541 1737 dura
572 1700 641 1736 sub
675 1710 833 1737 censura

212 1758 319 1795 Mors
352 1760 503 1793 exercet
532 1767 599 1793 sua
630 1757 726 1802 iura7

143 1840 180 1876 2.
214 1837 258 1873 In
288 1836 464 1872 interiori
495 1846 590 1881 meo,

217 1893 327 1939 Quod
360 1896 417 1929 est
449 1902 588 1939 parens
620 1892 689 1928 soli
722 1891 815 1939 Deo,

215 1950 321 1986 Dans
354 1949 519 1996 rugitum
551 1950 647 1985 sicut
677 1948 748 1993 leo,

214 2007 290 2044 Pro
323 2005 492 2053 peccatis
524 2005 616 2041 meis
647 2003 731 2043 fleo,

147 2087 184 2123 3.
219 2085 311 2122 Cum
345 2084 527 2121 recordor
558 2084 804 2123 transiturum

214 2142 279 2179 Me
310 2151 380 2188 per
411 2141 544 2177 mortis
574 2141 648 2177 iter
681 2141 815 2178 durum

215 2198 278 2247 Et,
312 2198 404 2244 quid
437 2199 484 2235 de
515 2207 573 2233 me
605 2198 654 2234 sit
686 2196 856 2234 futurum

218 2255 308 2291 Post
341 2264 496 2291 examen
529 2254 624 2291 illud
657 2265 806 2302 purum,

144 2336 180 2371 4.
213 2333 356 2370 Mentis
389 2333 523 2369 anxius
556 2333 731 2382 tumultu,

217 2390 321 2436 Quae
354 2389 535 2426 virtutum
568 2393 673 2426 caret
705 2390 820 2436 cultu,

220 2445 341 2484 Tristi
374 2446 501 2493 corde,
534 2446 636 2482 tristi
668 2447 788 2495 vultu,

221 2501 362 2539 Preces
396 2500 514 2538 fundo
545 2513 627 2538 cum
660 2503 841 2550 singultu,

968 1590 1006 1625 5.
1040 1586 1130 1624 Cum
1164 1586 1329 1632 singultu
1361 1595 1495 1632 preces
1527 1582 1658 1630 fundo,

1038 1643 1172 1679 Flecto
1205 1653 1314 1689 genu,
1346 1646 1479 1688 pectus
1513 1640 1645 1686 tundo,

1037 1700 1111 1737 Ore
1144 1700 1301 1746 loquens
1332 1698 1582 1736 tremebundo

1038 1757 1099 1793 Ad
1140 1759 1177 1792 te
1210 1756 1377 1792 clamans
1410 1755 1457 1792 de
1488 1753 1703 1802 profundo:

997 1866 1004 1873 .
1038 1836 1123 1872 Iesu
1157 1835 1319 1883 Christe,
1353 1833 1406 1871 fili
1437 1834 1522 1884 Dei,

1038 1891 1385 1930 Consubstantialis
1418 1888 1484 1940 eis*

1036 1949 1180 1985 Factor
1211 1948 1333 1985 noctis
1365 1951 1402 1984 et
1434 1947 1522 1994 diei,

1036 2006 1196 2051 Quaeso⁷
1229 2004 1410 2041 miserere
1441 2004 1526 2042 mei.

999 2115 1006 2124 .
1040 2084 1114 2121 Per
1145 2083 1317 2130 parentis
1348 2083 1494 2130 primae
1525 2093 1689 2120 morsum

1040 2140 1157 2187 Lapsi
1191 2150 1318 2177 sumus
1350 2140 1422 2177 huc
1455 2140 1645 2185 deorsum,

1043 2197 1214 2234 Gravaut
1246 2196 1355 2234 nobis
1383 2196 1517 2243 culpae
1540 2197 1705 2246 dorsum,

1043 2254 1144 2299 Quas
1178 2253 1433 2291 commisimus
1464 2263 1648 2290 seorsum.

979 2334 1009 2370 ’ἃ
1041 2334 1116 2371 Per
1146 2333 1351 2370 secundam
1383 2332 1625 2379 genetricem,

1043 2389 1193 2427 Saeculi
1225 2389 1512 2436 reparatricem,

1042 2446 1221 2483 Veterem
1256 2449 1432 2482 converte
1465 2445 1583 2483 vicem

1042 2502 1188 2548 Corpus
1220 2502 1352 2539 lavans
1379 2505 1492 2549 atque
1514 2501 1698 2550 psychen.

509 2582 545 2617 9.
579 2580 633 2617 Sit
666 2582 749 2617 laus
783 2581 948 2627 Christo⁷
981 2585 1111 2617 nostro
1143 2580 1256 2630 patri,

578 2637 633 2674 Sit
666 2638 748 2674 laus
781 2648 870 2674 suae
901 2642 1055 2674 sanetae
1086 2636 1211 2683 matri,

579 2693 649 2738 Qui
681 2705 748 2729 nos
782 2697 959 2730 tueantur
990 2693 1061 2730 atri

578 2750 612 2786 A
645 2750 845 2796 suppliciis
875 2750 1061 2788 barathri.
