1785 3111
689 93 744 98 --
802 72 882 112 485
943 95 998 99 —

424 248 506 284 325.
543 249 600 291 (2.)
636 250 814 294 Hymnus
840 251 886 286 (le
913 252 1062 288 Sancto
1091 251 1262 297 Spiritu.

177 354 214 392 1.
262 354 292 392 O
332 354 441 401 ignee
477 355 647 403 spirim,
688 355 770 392 laus
803 356 872 393 tibi
903 357 964 402 sit,
997 358 1060 404 qui
1091 358 1129 394 in
1160 358 1354 406 tympanis
1386 363 1423 396 et
1454 358 1623 406 cytharis

56 420 243 457 operaris,

173 469 210 506 2.
256 467 406 505 Mentes
451 467 641 504 hominum
685 469 732 506 de
770 473 807 506 te
846 469 1007 517 flagrant
1049 475 1085 508 et
1126 470 1372 509 tabernacula
1415 472 1625 509 animarum

59 534 195 561 eorum
227 524 326 562 vires
355 524 522 571 ipsarum
556 525 759 563 continent.

178 582 214 621 3.
261 581 355 618 Inde
397 582 570 618 voluntas
610 583 781 619 ascendit
824 587 859 618 et
900 586 1048 630 gustum
1089 584 1236 621 animae
1276 584 1433 631 tribuit,
1476 585 1623 622 eteius

59 637 217 674 lucerna
247 642 304 674 est
337 638 579 677 desiderium.

175 697 212 733 4.
258 695 479 732 Intellectus
520 700 557 732 te
598 695 636 732 in
680 695 898 732 dulcissimo
939 707 1029 733 sono
1071 697 1233 734 advocat
1272 708 1316 734 ac
1347 698 1521 736 aedificia
1552 698 1624 735 tibi

61 761 148 788 cum
179 751 438 789 rationalitate
469 756 592 801 parat,
625 763 720 799 quae
752 753 789 788 in
821 753 946 789 aureis
978 753 1156 799 operibus
1189 754 1316 793 sudat.

174 809 212 847 5.
259 808 317 845 Tu
350 812 475 845 autem
507 819 656 855 semper
687 809 852 855 gladium
884 809 1001 846 habes
1033 810 1150 857 illud,
1184 808 1478 862 absci[11]dere,
1524 812 1625 858 quod

58 865 209 902 noxiale
239 875 390 911 pomum
420 876 490 912 per
520 865 764 912 nigerrimum
796 866 1042 903 homicidium
1073 865 1234 915 profert,

173 923 209 960 6.
256 921 412 967 Quando
457 922 596 959 nebula
640 922 870 960 voluntatem
917 927 954 960 et
1000 923 1191 961 desideria
1236 924 1352 972 tegit,
1398 924 1436 960 in
1484 923 1620 971 quibus

56 978 184 1015 anima
214 979 317 1015 volat
348 983 384 1015 et
413 979 580 1025 undique
611 979 758 1018 circuit.

173 1036 208 1073 7.
255 1034 331 1072 Sed
362 1046 466 1072 mens
497 1039 555 1072 est
585 1035 748 1083 ligatura
779 1036 984 1073 voluntatis
1017 1041 1052 1073 et
1085 1037 1280 1077 desiderii.

169 1092 206 1130 8.
254 1091 349 1129 Cum
378 1103 468 1129 vero
499 1092 644 1129 animus
675 1102 716 1129 se
746 1093 798 1129 ita
831 1093 952 1140 erigit,
986 1094 1085 1140 quod
1119 1095 1279 1141 requirit
1311 1095 1495 1141 pupillam
1529 1094 1619 1131 mali

53 1149 186 1186 videre
216 1153 253 1185 et
283 1149 475 1187 maxillam
505 1149 717 1196 nequitiae,
760 1153 801 1186 tu
833 1160 917 1186 eum
949 1151 1059 1188 citius
1090 1151 1129 1188 in
1160 1152 1247 1198 igne
1279 1151 1492 1197 comburis,
1536 1162 1619 1188 cum

58 1205 234 1243 volueris.

168 1264 206 1300 9.
253 1258 328 1299 Sed
380 1266 416 1299 et
467 1273 548 1299 cum
600 1263 838 1300 rationalitas
891 1274 930 1300 se
979 1275 1049 1310 per
1094 1264 1192 1301 mala
1237 1274 1353 1312 opera
1399 1263 1447 1300 ad
1495 1274 1615 1310 prona

51 1319 242 1365 declinat,
284 1324 324 1356 tu
365 1329 469 1363 eam,
514 1330 595 1356 cum
638 1319 716 1367 vis,
759 1321 915 1367 stringis
956 1325 992 1357 et
1034 1320 1242 1368 confringis
1283 1326 1320 1357 et
1362 1321 1513 1357 reducis
1547 1330 1616 1367 per

52 1375 280 1413 infusionem
313 1377 669 1422 experimentorum.

137 1434 202 1471 10.
248 1433 405 1478 Quando
445 1437 570 1470 autem
600 1433 738 1470 malum
770 1433 819 1471 ad
849 1437 887 1470 te
917 1434 1083 1481 gladium
1118 1445 1222 1471 suum
1257 1434 1396 1484 educit,
1441 1438 1481 1472 tu
1511 1433 1609 1470 illud

53 1490 92 1527 in
124 1500 189 1526 cor
218 1490 320 1526 illius
350 1488 516 1537 refingis‚
547 1490 644 1527 sicut
674 1490 713 1526 in
740 1490 862 1536 primo
885 1490 1035 1537 perdito
1057 1492 1191 1538 angelo
1214 1490 1350 1535 fecisti,
1384 1490 1449 1527 ubi
1470 1490 1605 1527 turrim

51 1546 254 1594 superbiae
285 1546 387 1583 illius
419 1547 457 1583 in
488 1545 677 1583 infernum
711 1547 897 1585 deiecisti.

138 1604 202 1641 11.
247 1603 299 1640 Et
333 1603 386 1640 ibi
427 1603 539 1640 aliam
582 1604 716 1640 turrim
757 1603 795 1640 in
827 1604 1041 1650 publicanis
1074 1608 1110 1640 et
1141 1603 1408 1651 peccatoribus
1441 1604 1614 1648 elevasti,

50 1660 114 1708 qui
144 1659 214 1697 tibi
245 1664 403 1708 peccata
433 1671 500 1697 sua
531 1671 613 1697 cum
645 1660 822 1707 operibus
855 1661 931 1698 suis
963 1660 1206 1701 confitentur.

136 1717 200 1755 12.
247 1717 359 1755 Unde
399 1727 527 1754 omnes
560 1722 767 1764 creaturae,
801 1728 896 1764 quae
928 1718 975 1755 de
1001 1722 1039 1754 te
1070 1719 1212 1766 vivunt,
1246 1722 1283 1754 te
1317 1718 1490 1762 laudant,
1524 1718 1612 1764 quia

50 1777 91 1811 tu
134 1773 447 1820 pretiosissimum
489 1780 718 1820 unguentum
760 1784 798 1810 es
841 1773 972 1811 fractis
1010 1780 1046 1811 et
1076 1773 1230 1812 foetidis
1263 1774 1504 1820 vulneribus,
1547 1774 1612 1810 ubi

48 1830 118 1868 illa
147 1831 187 1867 in
218 1831 512 1877 pretiosissimas
543 1841 707 1878 gemmas
740 1831 940 1869 convertis.

139 1888 203 1926 13.
251 1887 362 1925 Nunc
413 1888 571 1934 dignare
618 1898 686 1925 nos
737 1899 864 1925 omnes
915 1889 964 1926 ad
1014 1892 1052 1925 te
1102 1888 1279 1935 colligere
1326 1893 1362 1925 et
1410 1888 1459 1925 ad
1507 1892 1614 1925 recta

46 1943 190 1981 itinera
221 1944 396 1991 dirigere.
458 1945 593 1984 Amen.

397 2122 479 2158 326.
516 2122 574 2166 (3.)
611 2122 834 2167 Sequentia
860 2124 906 2158 de
933 2122 1083 2160 Sancta
1108 2123 1252 2158 Maria.

166 2228 201 2266 1.
248 2228 278 2266 0
320 2228 426 2275 virga
466 2239 510 2265 ac
552 2229 728 2266 diadema
769 2239 961 2275 purpurae
1002 2229 1121 2275 regis.
1167 2238 1262 2275 quae
1295 2239 1333 2265 es
1365 2229 1403 2266 in
1434 2228 1610 2266 clausura

47 2286 117 2321 tua
147 2278 245 2321 sicut
274 2284 407 2325 lorica.

168 2343 205 2379 2.
253 2341 310 2377 Tu
341 2339 522 2378 frondens
554 2339 715 2377 floruisti
746 2341 784 2378 in
816 2342 890 2378 alia
914 2341 1188 2391 vicissitudine,
1223 2353 1331 2389 quam
1354 2342 1480 2379 Adam
1501 2352 1610 2379 omne

47 2407 169 2445 genus
199 2397 402 2434 humanum
433 2398 675 2444 produceret.

162 2456 198 2492 3.
245 2455 338 2504 Ave,
373 2465 453 2505 ave,
489 2455 536 2492 de
566 2458 630 2491 tuo
661 2458 793 2491 ventre
823 2454 899 2492 alia
931 2454 1008 2491 vita
1038 2455 1234 2503 processit,
1271 2466 1344 2502 qua
1364 2456 1489 2493 Adam
1510 2455 1608 2494 filios

50 2520 137 2548 suos
170 2511 443 2549 denudaverat.

165 2568 203 2606 4.
249 2567 279 2605 O
320 2565 411 2617 flos,
455 2572 496 2605 tu
535 2579 609 2604 non
650 2567 868 2615 germinasti
912 2567 958 2604 de
999 2578 1084 2604 rore
1119 2578 1189 2605 nec
1223 2569 1269 2606 de
1301 2569 1416 2616 guttis
1448 2570 1611 2616 pluviae,

0 2614 2 2618 ’
46 2632 117 2660 nec
147 2634 212 2660 aer
249 2624 412 2670 desuper
442 2630 480 2662 te
512 2625 681 2673 volavit,
725 2623 791 2661 sed
825 2623 950 2661 divina
985 2624 1137 2662 claritas
1169 2625 1206 2661 in
1239 2625 1474 2664 nobilissima
1506 2626 1611 2672 virga

47 2681 86 2716 te
144 2680 310 2719 roduxit.

117 2691 141 2727 p
166 2738 203 2776 5.
251 2737 280 2775 O
323 2737 451 2784 virga,
499 2736 743 2775 floriditatem
786 2742 885 2774 tuam
925 2737 1028 2774 Deus
1069 2738 1107 2775 in
1146 2738 1269 2785 prima
1311 2739 1371 2776 die
1413 2743 1610 2776 creaturae

0 2784 8 2823 ξ
52 2801 143 2830 suae
173 2793 428 2839 praeviderat.
