1785 3111
791 84 1101 123 —222—

210 200 246 238 7.
278 198 399 235 Necte
428 198 614 246 timorem,
998 199 1062 237 10.
1094 198 1154 236 Da
1185 198 1363 235 meditari

279 255 376 300 Quin
407 259 443 290 et
474 264 651 301 amorem,
1094 255 1145 292 Et
1176 255 1376 304 modulari,

279 312 413 356 Poseo,
448 321 653 357 perennem
1095 312 1169 349 Ore
1199 310 1358 358 profari,

280 369 353 405 Per
383 368 604 415 genitorem,
910 368 913 371 '
1096 369 1222 407 Corde
1253 367 1404 416 operari

278 424 347 470 Qui
379 424 473 470 regit
504 434 652 460 omnem
1096 425 1147 462 Et
1177 424 1247 461 tibi
1277 425 1357 471 regi

279 480 449 517 Fortiter
479 481 622 520 orbem.
1098 481 1158 518 Da
1189 480 1376 519 famulari.

208 573 244 609 8.
278 571 436 617 Semper
465 570 619 617 ubique,
1001 572 1064 609 11.
1098 572 1204 608 Haec
1235 583 1302 618 ego
1335 571 1441 608 verbi

280 627 441 668 Christe,
474 632 580 664 tuere
1095 629 1257 665 Munere
1288 628 1422 665 summi

278 685 327 721 Et
356 684 460 731 mihi,
493 684 604 734 celse,
1098 687 1223 732 Atque
1256 685 1402 722 corusci

279 741 336 777 Tu
368 741 547 777 miserere
1100 743 1219 779 Posco
1251 742 1426 789 adipisci,

279 798 410 844 Daque
442 798 576 834 timere
1100 800 1259 836 Pressus
1292 798 1453 835 enormi

280 856 407 900 Atque
438 865 578 900 amare,
1100 855 1203 892 Mole
1234 856 1363 902 piacli.

214 946 248 981 9.
282 945 358 981 Per
389 948 464 991 tua,
498 948 639 993 sancte,
1007 947 1071 984 12.
1107 945 1269 990 Christe,
1303 946 1432 983 clienti

281 1001 432 1047 Scripta
463 1012 602 1046 meare,
1103 1002 1266 1040 Consule
1300 1002 1405 1039 flenti

282 1058 408 1095 Corde
440 1059 499 1095 vel
531 1069 596 1095 ore
1101 1059 1165 1106 Et,
1198 1071 1346 1106 precor,
1370 1059 1461 1096 audi

281 1115 381 1151 Hinc
412 1125 630 1165 peragrare,
1101 1117 1199 1153 Vota
1229 1116 1380 1164 miselli,

281 1172 445 1218 Perpete
475 1177 600 1209 mente
1100 1172 1221 1210 Unice
1253 1173 1307 1210 fili

281 1228 381 1264 Hinc
413 1229 586 1266 recitare.
1103 1230 1228 1267 Patris
1259 1229 1425 1268 amandi.

675 1310 738 1349 13.
773 1309 914 1346 Sedula
947 1310 1047 1346 dulci

770 1366 871 1403 Laus
904 1367 1066 1412 genitori

768 1423 818 1460 Et
850 1423 920 1459 tibi
952 1424 1051 1469 proli

768 1480 934 1517 Flamini
965 1485 1002 1516 et
1033 1480 1120 1529 ipsi⁷

770 1537 911 1583 Perpes
943 1542 980 1572 et
1011 1538 1074 1573 uni

769 1593 870 1630 Laus
904 1593 1049 1633 deitati.

260 1694 404 1726 Colleet.
433 1704 496 1724 mS.
515 1693 742 1725 Martialense
769 1704 858 1726 saec.
888 1692 938 1725 10.
976 1694 1060 1726 Cod.
1079 1694 1230 1725 Pal-isin.
1252 1692 1349 1725 1154.
1369 1711 1409 1715 —
1430 1691 1460 1732 7,
1485 1691 1506 1726 3
1524 1693 1732 1735 perhennem

169 1749 312 1780 semper.
340 1756 380 1759 -—
408 1737 439 1778 Τ,
465 1737 485 1770 5
511 1742 617 1780 reget.
644 1756 689 1759 —
713 1736 743 1776 8,
770 1737 791 1771 3
808 1740 926 1780 Teque
944 1740 1076 1771 timere.
1103 1757 1145 1761 —
1172 1738 1203 1777 9,
1232 1737 1247 1770 1
1276 1750 1335 1781 per
1359 1740 1418 1771 via
1446 1743 1574 1771 sancte.
1595 1758 1639 1762 -—
1657 1736 1688 1777 9,
1715 1737 1735 1769 ‘2

169 1790 201 1815 et
236 1786 364 1825 scripta
397 1794 522 1815 meare.
551 1801 591 1805 -
618 1782 650 1822 9,
680 1783 699 1815 5
737 1786 881 1826 perpeti.
910 1802 948 1805 —
978 1783 1028 1823 10,
1054 1783 1075 1817 3
1112 1785 1267 1826 proferri.
1295 1801 1337 1805 —
1365 1783 1416 1822 ll,
1443 1783 1463 1815 5
1494 1795 1662 1826 pressum.
1692 1801 1734 1805 —

172 1828 221 1864 11,
258 1828 277 1861 6
312 1831 417 1861 More.
452 1849 493 1851 —
531 1827 589 1867 12,
619 1828 641 1861 4
675 1831 793 1862 Uitam
826 1830 965 1861 miselli.
999 1847 1041 1852 —
1067 1830 1275 1862 Aufschrift:
1314 1831 1462 1872 „Incipit
1494 1828 1665 1864 ca1·men“.
1691 1847 1735 1852 —-

171 1876 238 1906 efr.
266 1875 365 1906 Anal.
393 1875 487 1907 XIX.
517 1873 578 1914 163
607 1876 745 1906 Traube
771 1875 794 1906 1.
819 1886 847 1907 c.
874 1873 939 1906 725
966 1886 1017 1917 sq.

531 2032 610 2068 168.
648 2032 705 2075 (3.)
743 2032 886 2068 Oratio
914 2032 964 2067 ad
991 2032 1197 2068 Christum
1222 2031 1364 2067 tertia.

444 2115 479 2153 1.
515 2116 677 2163 (miste,
710 2126 777 2152 rex
809 2126 950 2162 regum,
985 2116 1183 2152 dominans
1214 2115 1252 2151 in
1284 2125 1431 2162 aevum,

512 2172 656 2209 Lumen
688 2176 882 2209 aeternum
914 2172 1036 2218 patris
1068 2178 1182 2219 atque
1214 2171 1383 2217 verbum,

513 2229 584 2274 Qui
613 2229 712 2275 regis
745 2234 917 2265 cunctum
952 2229 1094 2275 pietate
1126 2228 1318 2275 mundum,

660 2285 802 2322 Factor
833 2290 1020 2332 egentum.

442 2376 463 2411 [Q

472 2404 479 2412 .
513 2374 700 2412 Flebilem
730 2376 887 2412 multum
918 2376 1098 2412 miserere
1128 2386 1291 2419 servum,

510 2432 640 2468 Mente
671 2437 890 2478 corruptum
923 2443 1098 2469 recreans
1131 2432 1336 2479 alumnum,

511 2488 569 2524 Sis
600 2499 742 2525 memor
776 2489 916 2525 dudum
948 2489 1017 2524 tibi
1049 2494 1260 2525 recreatum

659 2546 786 2591 Atque
818 2545 1068 2591 redemptum.

440 2637 479 2674 3.
512 2635 590 2671 Fac
620 2636 712 2672 mihi
743 2636 903 2684 signum,
936 2637 997 2683 pie
1028 2646 1107 2686 rex,
1141 2635 1357 2683 benignum,

511 2692 608 2737 Quin
640 2696 674 2728 et
705 2692 914 2739 indignum,
948 2704 1050 2739 rogo,
1083 2693 1202 2729 redde
1234 2693 1399 2741 dignum,

513 2748 564 2785 Ut
596 2759 725 2785 canam
757 2749 910 2786 laudum
942 2749 1022 2798 tibi,
1059 2749 1221 2794 Christe,
1255 2755 1413 2786 metrum

662 2805 773 2842 Nunc
805 2810 838 2841 et
871 2806 909 2842 in
941 2817 1085 2845 aevum.
