1785 3111
248 163 316 204 15.

248 436 316 475 16.

247 709 312 748 17.

248 982 314 1021 18.

245 1254 312 1294 19.

241 1528 307 1567 20.

248 1801 316 1841 21.

246 2075 310 2112 22.

241 2347 309 2385 23.

241 2608 308 2646 24.

695 49 1005 89 —1‘29—

359 163 540 199 Pastorcs
570 173 732 209 namque
762 163 1017 210 loquebantur
1046 164 1231 204 invicem:

362 218 506 256 Eamus
536 230 655 266 usque
684 219 724 256 in
752 221 926 257 Bethlem
959 220 1135 258 celeriter

362 275 415 312 Et
445 275 642 314 videamus
674 277 746 314 hoc
778 277 825 314 de
856 277 984 325 verbo,
1017 278 1182 325 qualiter

606 334 776 381 Angelus
810 334 920 374 dixit.

361 435 556 473 Venerunt
587 446 688 483 ergo,
721 436 948 474 invenerunt
979 447 1150 483 puerum,

362 492 533 540 Angelus
564 493 660 530 sicut
695 493 806 540 dixit,
838 494 876 530 in
909 494 1133 540 praesaepio

361 549 544 597 Positum,
577 554 748 587 sanctam
779 551 1009 597 genetricem
1042 551 1239 597 virginem,

606 607 745 653 Ioseph
777 612 1031 654 praesentem.

358 710 404 746 In
436 709 540 746 eaelo
572 709 682 746 stella
712 720 810 746 novo
841 709 946 746 clara
976 709 1085 746 radio

361 764 540 815 Refulsit‚
573 769 660 802 ante
691 776 786 812 quae
817 777 1006 812 nunquam
1036 766 1284 813 resplenduit,

365 821 515 860 Clarior
549 824 694 860 cunctis
722 823 849 870 astris,
882 824 1022 860 mundo
1054 823 1230 860 nuntians

606 879 794 917 Gaudium
828 891 1015 927 magnum.

359 981 471 1019 Hanc
501 981 651 1018 stellam
682 982 784 1029 magi
816 980 964 1029 fulgore
995 982 1198 1029 perspicuo

361 1040 406 1077 In
437 1038 584 1075 oriente
611 1039 789 1076 viderunt
818 1039 1089 1085 resplendere:

361 1096 446 1133 Hoc
476 1095 636 1142 signum,
670 1094 811 1143 fantur,
844 1100 919 1132 tam
953 1094 1151 1141 famosum,
1184 1095 1312 1133 nobile

605 1153 720 1201 Regis
752 1157 809 1189 est
840 1153 978 1200 magni.

358 1254 501 1291 Eamus
533 1265 634 1305 ergo,
668 1255 914 1303 inquiramus,
947 1255 1013 1291 ubi
1045 1259 1114 1300 est,

359 1311 411 1348 Et
442 1310 642 1349 offeramus
674 1312 731 1348 illi
762 1312 898 1348 saltem
929 1323 1087 1349 munera

361 1367 514 1405 Nostris
545 1368 674 1406 oblata
707 1369 753 1405 de
784 1369 972 1405 thesauris
1003 1369 1161 1415 optima,

602 1427 761 1473 Aurum,
793 1430 865 1475 tus,
898 1437 1076 1463 murram.

356 1529 464 1566 Haec
493 1527 568 1564 tria
598 1539 773 1574 magnum
807 1528 1067 1565 demonstrant
1098 1529 1319 1575 mysterium

357 1584 480 1632 Dona,
514 1595 610 1631 quae
641 1585 722 1621 Deo
753 1585 970 1631 hominique
1004 1584 1188 1622 dederant

357 1641 452 1679 Tres
484 1641 595 1689 magi,
629 1646 760 1678 sancto
789 1642 1023 1688 perdocente
1054 1642 1193 1690 spiritu

600 1699 710 1735 More
743 1699 886 1737 divino,

363 1800 408 1837 In
439 1811 531 1837 auro
564 1800 662 1847 regis
690 1801 813 1847 signat
846 1801 1125 1846 excellentiam,

359 1857 404 1895 In
435 1862 520 1894 ture
551 1868 736 1894 summum
767 1858 1004 1894 sacerdotem
1035 1859 1194 1906 typicat,

358 1915 433 1952 Per
463 1925 628 1951 murram
662 1914 803 1952 Christi
835 1915 1070 1961 sepulturam
1101 1916 1260 1962 mystice

602 1971 753 2017 Optime
787 1972 909 2010 docet.

358 2073 473 2123 Ecce,
509 2078 691 2111 venerunt
723 2074 822 2120 magi
854 2074 1158 2122 Hierosolymam

354 2130 562 2168 Dicentes:
597 2130 754 2168 Stellam
785 2131 950 2168 vidimus
982 2130 1238 2178 perfulgidam

355 2188 402 2225 In
430 2188 608 2232 Oriente3
641 2187 705 2224 ubi
735 2192 804 2232 est,
837 2188 899 2234 qui
931 2193 1043 2225 natus
1075 2194 1145 2235 est,

598 2245 682 2282 Rex
713 2244 972 2282 Iudaeorum?

357 2345 533 2383 Herodes
564 2357 699 2393 magno
729 2347 865 2383 timore
896 2347 1124 2393 perterritus

356 2403 533 2440 Revolvit
563 2414 691 2440 sacras
723 2403 997 2450 prophetarum
1028 2404 1188 2450 paginas

357 2459 561 2506 Praecepit
591 2459 751 2497 scribis:
784 2460 933 2507 Legite,
964 2461 995 2496 si
1027 2471 1156 2497 verum
1189 2464 1256 2510 est,

600 2516 797 2563 Scriptura
829 2522 938 2556 teste.

352 2607 584 2654 Prophetam
617 2607 758 2644 (ludum
792 2607 933 2644 dixisse
966 2611 1281 2647 commemorant:

354 2663 406 2701 Et
435 2669 488 2713 tu,
521 2664 708 2711 Bethlem,
743 2664 781 2700 in
813 2668 916 2701 terra
948 2664 1044 2701 Iuda
1075 2664 1228 2701 minima

354 2721 604 2768 Nequaquam
635 2721 723 2771 eris,
756 2731 801 2757 ex
833 2725 870 2757 te
903 2721 978 2758 dux
1011 2721 1216 2771 egreditur,

474 2780 479 2782 ’
598 2777 712 2815 Iacob
744 2778 806 2824 qui
839 2778 948 2823 regit.

122 2843 290 2878 Dreves,
317 2845 522 2872 Lateinisehe
542 2846 825 2880 Hymnendiehter
863 2846 906 2873 Π.
