1785 3111
798 84 1108 126 —476—

171 196 226 231 13:
261 198 290 230 O
316 199 440 235 Maria,
465 200 575 228 mater
600 198 668 238 pia,
991 195 1043 229 15.
1082 199 1188 238 Quies
1214 198 1325 233 fessis,
1355 202 1475 239 portus
1500 202 1632 237 mersis,

307 244 387 274 Dux
411 248 445 274 et
469 244 528 274 via
554 243 710 283 praemii.
895 262 900 266 ·
1125 243 1310 275 Universis
1335 244 1483 285 requies,

260 289 341 319 Dux
365 289 529 326 Hebraei,
556 295 656 329 porta
683 289 768 330 spei,
1079 289 1171 320 Vera
1195 290 1279 329 vita,
1306 292 1384 320 tuos
1410 289 1482 321 dita

304 334 417 365 Mater
440 335 507 366 Dei
532 332 606 364 filii.
1123 334 1310 365 Benedicta
1336 334 1460 366 milies.

170 417 222 450 14.
259 419 340 450 Dux
365 420 549 456 constanti,
576 429 635 459 pes
661 418 802 453 labenti,
990 416 1040 450 16.
1078 418 1107 449 O
1133 419 1245 456 beata,
1272 429 1340 460 qua
1366 423 1417 451 est
1442 419 1524 451 data

303 464 469 505 Princeps
496 465 757 502 sanctimoniae,
1122 464 1261 495 Veritas
1286 468 1320 496 et
1343 466 1467 507 gratia,

260 509 364 540 Auris
390 509 505 547 surdo,
530 511 638 540 vestis
664 509 755 540 nudo
1078 509 1176 541 Caeli
1201 511 1295 541 cives
1320 510 1374 541 fac
1399 521 1472 548 nos,
1499 510 1596 543 dives

306 554 490 586 Plenitudo
515 556 660 595 gratiae.
1124 555 1165 586 In
1189 555 1440 587 misericordia.

558 638 608 671 17.
648 641 719 671 Nos
747 641 923 671 reflamma
949 640 1062 671 cordis
1088 640 1236 678 flamma,

693 686 722 717 O
747 689 784 716 tu
809 695 936 717 manna
962 687 1107 727 gratiae,

648 731 753 762 Dulci
776 731 839 762 illa
865 731 906 762 de
933 731 1090 762 mamilla

693 778 820 808 Rorem
845 776 940 808 stilla
965 777 1098 808 veniae.

260 862 348 893 Hier
372 861 488 903 folgen
513 871 575 892 aus
600 860 795 901 Rhythmus
817 861 867 892 IV
895 861 962 893 Str.
990 858 1102 892 6-16
1127 861 1227 892 incI.:
1253 860 1345 892 daun
1373 870 1436 892 aus
1454 860 1648 902 Rhythmus
1666 862 1736 894 XII

169 907 237 939 Str.
267 904 399 938 19—25
424 906 524 942 incI.;
552 906 689 938 endlich
715 916 777 937 aus
806 906 1001 946 Rhythmus
1028 907 1078 938 IX
1104 905 1170 937 Str.
1196 903 1341 944 32-36,
1369 907 1431 937 mit
1457 906 1516 938 der
1540 907 1736 950 Doxologie

712 992 766 1023 Sit
790 993 950 1029 Messiae,
981 993 1026 1023 sit
1050 992 1184 1023 Mariae

760 1037 862 1068 Omni
888 1037 944 1069 die
970 1039 1094 1078 gratia,

713 1082 820 1122 Patri,
847 1083 937 1124 proli
964 1087 998 1114 et
1022 1084 1131 1114 amori

759 1129 833 1159 Deo
860 1128 925 1159 soli
951 1128 1076 1170 gloria.

261 1213 310 1244 Es
347 1213 433 1255 folgt
465 1213 575 1244 Pars
613 1213 682 1244 VII
715 1227 757 1237 Ξ
791 1212 986 1254 Rhythlnus
1020 1213 1081 1244 Xl.
1130 1214 1215 1244 Pars
1242 1214 1325 1244 VIII
1352 1227 1394 1237 Ξ
1419 1213 1584 1254 Rhythm.
1612 1215 1683 1253 ΙΙΙ,
1716 1212 1736 1245 5

167 1258 239 1290 und
268 1258 308 1298 63
334 1259 427 1293 XIV,
457 1256 584 1299 1—173
609 1259 669 1296 IV,
697 1256 848 1298 17—‘263
875 1259 970 1296 XIV,
1001 1256 1149 1298 19—21;
1175 1259 1254 1296 XII,
1284 1256 1408 1290 1—18:
1436 1258 1544 1290 dann:

647 1343 746 1383 Quod
772 1347 941 1385 optamus.
969 1343 1061 1385 quod
1087 1353 1259 1385 rogamUS,

694 1390 807 1421 Donet
832 1390 944 1420 almus
970 1391 1124 1430 spiritus,

647 1435 713 1474 Qui
741 1438 773 1466 te
798 1435 897 1474 lavit,
923 1436 983 1476 qui
1007 1435 1165 1473 vallavit,

692 1481 759 1519 Qui
785 1481 936 1511 sacravit
961 1480 1117 1512 caelitus.

261 1566 413 1599 Hierauf
434 1576 495 1597 aus
521 1565 684 1607 Rhythm.
712 1567 775 1597 XV
802 1565 867 1598 Str.
894 1563 1039 1597 21—27.

840 1682 962 1718 Pars
1005 1680 1073 1718 IX.

626 1775 654 1809 1.
691 1777 824 1809 Gaude,
850 1778 962 1818 virgo,
988 1786 1076 1818 quae
1103 1777 1199 1818 origo

737 1823 847 1854 Nobis
874 1833 910 1853 es
936 1823 1091 1853 laetitiae

690 1868 954 1909 Redemptorem
982 1872 1015 1899 et
1041 1870 1216 1899 auctorem

737 1913 910 1945 Pariendo
936 1913 1081 1954 gloriae.

260 1995 309 2026 Es
334 1995 451 2037 folgen
476 2008 538 2029 aus
564 1997 725 2039 Rhythm.
753 1999 802 2030 IV
827 2001 894 2030 Str.
919 1996 940 2030 3
965 1998 1035 2030 und
1061 1996 1098 2037 ἒς
1132 1998 1198 2035 VI,
1234 1995 1342 2035 3³57.
1376 1998 1479 2035 VIII,
1505 1995 1566 2035 343
1602 1998 1668 2035 IX,
1695 1995 1732 2031 5:

170 2040 267 2079 VIII,
294 2038 347 2079 36,
374 2039 427 2079 35,
453 2040 506 2081 39,
532 2041 587 2076 40.

625 2087 676 2120 14.
713 2089 812 2121 Felix
837 2090 943 2126 sinus,
970 2099 1037 2130 quo
1062 2088 1203 2119 divinus

758 2135 944 2176 Requievit
970 2134 1123 2175 spiritus,

713 2180 811 2211 Felix
835 2180 961 2218 ulna(!)
988 2180 1050 2211 sub
1076 2179 1242 2210 mamilla.

759 2225 918 2257 Christus
944 2227 1033 2256 iacet
1058 2225 1211 2256 inclitus.

260 2310 413 2343 Hierauf
433 2320 494 2341 aus
521 2310 683 2351 Rhythm.
709 2311 796 2342 VIII
821 2313 888 2342 Str.
913 2307 957 2342 36
982 2309 1053 2341 und
1077 2307 1130 2347 38,
1156 2319 1218 2341 aus
1244 2310 1331 2341 XIII
1358 2310 1425 2342 Str.
1454 2308 1492 2341 11
1521 2309 1590 2340 und
1618 2307 1668 2343 lO.

580 2388 630 2422 18.
670 2392 781 2430 Quam
808 2394 963 2422 sacratae
989 2400 1093 2432 quam
1119 2391 1241 2422 beatae

714 2437 838 2467 Manus
864 2440 967 2478 atque
992 2435 1146 2474 brachia,

668 2482 764 2520 Quae
790 2485 961 2523 paverunt
985 2486 1018 2512 et
1042 2484 1233 2522 gesserunt,

712 2528 778 2558 Per
803 2537 904 2568 quem
928 2527 1047 2568 vigent
1073 2527 1199 2558 onmia.

561 2604 611 2637 19.
650 2606 818 2638 Pulchrae
843 2616 952 2648 genae
978 2607 1114 2637 iunctae
1141 2605 1241 2647 plene

690 2652 835 2684 Genulis
862 2651 1005 2688 deificis,

645 2696 691 2727 Os
717 2697 855 2728 beatum
882 2700 1074 2728 saturatum

692 2742 831 2773 osculis
859 2742 1046 2773 mellifluis.

262 2826 405 2857 8011111111
431 2834 494 2855 aus
519 2821 685 2863 Rhythm.
713 2823 760 2854 III
791 2824 856 2853 Str.
888 2819 1030 2858 11—13,
1059 2818 1190 2853 15—33
1216 2819 1284 2851 und
1310 2828 1371 2850 aus
1398 2819 1482 2850 VIII
1510 2820 1576 2850 Str.
1601 2816 1656 2848 41.
