1785 3111
97 182 162 219 15.
207 179 398 218 Suscitata
427 180 553 218 studio
918 183 983 221 19.
1029 183 1072 220 In
1105 182 1212 220 nobis
1244 183 1403 221 scientia

264 236 386 285 surgit
415 237 589 275 rediviva
1086 250 1172 277 sera
1202 240 1397 289 sepelitur,

206 293 259 331 Et
289 293 406 330 cescit
436 293 596 331 scientia
1033 295 1212 343 Corporis
1244 307 1289 333 ex
1322 307 1474 334 carcere

265 350 392 388 virens
422 354 465 387 ut
494 350 606 400 oliva,
1089 352 1271 399 languens
1302 353 1482 401 inanitur,

210 406 357 445 Seritur
383 407 423 444 in
454 407 582 454 pueris
1029 408 1081 447 Ut
1112 410 1281 446 scintilla
1311 410 1463 448 flamine

262 463 355 501 hora
385 464 605 512 sementiva,
1086 467 1239 512 paulum
1271 467 1462 504 enutritur

205 520 338 557 Floret
368 520 407 557 in
436 520 636 558 iuvenibus
1029 521 1079 559 Et
1110 522 1242 560 adulta
1275 524 1451 570 dogmate

264 575 410 614 fructus
441 577 647 616 redditiva.
1086 579 1199 626 longa
1228 580 1435 626 reperitur.

97 669 163 708 16.
210 668 294 705 Viri
324 667 488 706 fructum
521 669 703 717 colligunt
920 671 986 708 20.
1034 669 1244 707 Descendit
1274 675 1315 707 ut
1346 672 1476 717 pluvia

266 735 350 762 cum
381 726 613 773 maturitate,
1090 727 1226 763 mentis
1257 727 1466 775 irrigatrix,

208 783 367 820 Auctori
400 783 614 820 consimiles
1031 783 1224 830 Quemque
1255 794 1322 820 suo
1353 784 1506 821 modulo

266 839 403 877 mentis
433 839 656 889 honestate3
1091 840 1180 876 visit
1210 840 1479 886 amplexatrix.

211 887 349 933 Planta
379 897 481 944 sapit
512 896 686 934 arborem
1034 896 1141 933 Haec
1162 902 1204 933 ut
1234 897 1372 935 mentis
1406 897 1535 935 nubilo

268 953 369 990 vitae
399 957 598 990 venustate
1091 953 1201 999 pulso
1232 954 1281 990 sit
1312 954 1465 1000 viatrix,

211 1009 262 1046 Et
294 1009 463 1047 radicem
495 1009 670 1046 surculus
1033 1010 1176 1047 Attulit
1209 1011 1282 1047 huc
1310 1011 1433 1058 logica

269 1077 414 1103 morum
446 1067 628 1105 novitate.
1092 1077 1150 1103 me
1181 1067 1487 1107 sermocinatrix.

98 1159 164 1196 17.
210 1157 307 1203 Quia
336 1160 458 1194 status
487 1158 652 1205 optimus
924 1157 992 1195 21.
1041 1157 1113 1195 Via
1142 1161 1247 1205 patet
1279 1159 1418 1206 logices

269 1214 390 1251 virtus
421 1212 533 1251 floret
562 1214 700 1251 mentis
1096 1225 1184 1252 vera
1217 1215 1402 1252 directiva

211 1270 378 1317 speciali
409 1271 531 1318 gratia
1037 1271 1088 1309 Et
1119 1272 1169 1308 ad
1201 1272 1468 1309 certitudinem

268 1331 403 1364 cuncta
432 1327 644 1375 largientis,
1095 1329 1175 1365 veri
1208 1328 1423 1378 deductiva,

212 1384 314 1422 Rore
346 1395 412 1421 suo
445 1384 634 1431 compluat
1038 1385 1161 1422 Huius
1195 1396 1317 1422 comes
1349 1386 1530 1423 mathesis

269 1452 310 1478 os
341 1441 571 1489 incipientis,
1095 1446 1151 1478 est
1184 1442 1494 1488 demonstrativa,

211 1499 263 1537 Ut
294 1498 476 1535 virtutum
509 1498 629 1535 vireat
850 1522 854 1529 f
1038 1499 1137 1536 Vera
1168 1503 1314 1536 tantum
1347 1499 1490 1547 eligens

269 1554 376 1592 novis
406 1554 665 1594 incrementis.
1096 1566 1139 1592 ex
1172 1556 1231 1592 his
1263 1557 1495 1603 processiva.

101 1646 165 1684 18.
213 1645 252 1683 Si
284 1644 388 1683 fera-r
420 1646 655 1683 Platonicam
925 1648 989 1684 22.
1038 1646 1211 1684 Rationis
1242 1647 1437 1693 speculum

268 1713 338 1749 per
368 1702 597 1749 opinionem,
1094 1708 1245 1740 vestrae
1276 1704 1494 1753 porrigatis,

211 1760 409 1807 Evagatur
439 1759 584 1796 animus
1040 1760 1224 1807 Speculer
1254 1766 1295 1797 ut
1326 1761 1458 1797 vitium

269 1827 339 1863 per
371 1816 656 1863 digressionem,
1095 1827 1202 1854 meae
1233 1817 1425 1863 ruditatis,

213 1873 291 1910 Sed
322 1873 378 1909 sic
409 1873 724 1921 philosophicam,
1041 1873 1093 1912 Ut
1123 1874 1277 1910 limetur
1308 1875 1455 1912 ruditas

273 1933 425 1977 tangam
458 1930 656 1978 rationem,
1097 1931 1188 1968 lima
1218 1931 1411 1979 novitatis,

214 1986 323 2024 Licet
352 1997 442 2023 usus
474 1990 609 2034 arguat
1041 1987 1091 2025 Et
1123 1987 1254 2024 illimis
1286 1992 1414 2034 pateat

273 2043 372 2080 hanc
402 2044 663 2082 assertionem.
1099 2044 1159 2081 via
1190 2045 1377 2083 veritatis.

195 2120 279 2152 Clm.
297 2121 482 2152 Monacen.
509 2118 608 2152 6911.
635 2130 724 2152 saec.
752 2118 840 2154 ¹³l14.
858 2122 898 2153 A.
924 2139 967 2143 —
995 2122 1078 2154 Cod.
1096 2121 1272 2153 Mellicen.
1300 2119 1375 2152 711.
1399 2133 1488 2154 saec.
1511 2121 1561 2154 15.
1579 2123 1618 2154 B.
1637 2140 1681 2144 —

106 2166 188 2197 Cod.
209 2166 322 2197 Palat.
343 2166 588 2198 Vindobonen.
615 2164 716 2198 3121.
743 2176 832 2198 saec.
861 2165 913 2198 15.
934 2168 971 2199 C.
989 2185 1035 2188 —
1060 2166 1090 2205 1,
1116 2166 1136 2197 2
1154 2170 1253 2197 natat
1271 2168 1309 2197 A.
1328 2184 1371 2188 —
1392 2165 1420 2205 1,
1446 2166 1466 2199 3
1483 2171 1559 2199 rata
1580 2169 1681 2200 ABC.

98 2229 138 2232 —
169 2209 210 2251 2,
246 2209 262 2242 1
297 2212 392 2243 Ictus
427 2222 504 2243 cum
533 2212 718 2243 formidine
745 2213 782 2244 C.
807 2230 852 2233 ——
877 2210 916 2252 2,
945 2210 965 2243 2
990 2213 1157 2253 Magnum
1184 2222 1309 2253 magna
1337 2214 1372 2244 B.
1401 2230 1445 2233 —-
1471 2212 1509 2251 ⁴2,
1535 2211 1555 2244 5
1582 2215 1635 2245 bis
1660 2212 1680 2246 8

100 2257 218 2289 fehlen
236 2257 280 2296 C,
307 2256 564 2299 infolgedessen
590 2257 673 2288 l‘afst
690 2253 849 2289 Zarncke
874 2268 905 2288 a.
933 2268 964 2289 a.
982 2258 1022 2289 O.
1041 2257 1075 2289 S.
1102 2255 1145 2288 62
1170 2259 1234 2288 mit
1253 2257 1320 2289 Str.
1346 2255 1367 2289 3
1395 2259 1451 2290 ein
1469 2269 1575 2290 neues
1593 2259 1681 2292 Lied

99 2303 287 2345 beginnen.
313 2319 355 2323 -
375 2300 408 2341 3,
433 2301 453 2334 5
478 2302 525 2334 Et
550 2303 682 2334 nudata
705 2303 742 2332 C.
772 2320 812 2323 —
837 2300 868 2339 3,
895 2301 914 2334 6
941 2313 1017 2334 ame
1043 2303 1250 2334 reformatur
1272 2303 1320 2343 B,
1348 2314 1449 2335 omne
1475 2305 1682 2337 reformatur

99 2349 142 2380 A.
167 2365 211 2369 —
235 2346 267 2386 4,
295 2346 311 2379 1
343 2348 494 2389 specula
516 2349 562 2386 133
589 2348 635 2379 sit
661 2348 698 2379 C.
723 2365 768 2369 —
791 2346 825 2385 4,
852 2346 871 2379 7
889 2348 1036 2389 Triplici
1062 2348 1103 2380 de
1129 2349 1227 2379 radio
1255 2349 1293 2380 A.
1319 2366 1363 2369 —
1388 2347 1420 2387 4,
1448 2347 1468 2381 8
1495 2361 1530 2382 se
1556 2361 1680 2382 conso-

99 2394 166 2425 lari
188 2393 255 2424 BC.
282 2409 320 2415 —
346 2391 377 2430 5,
405 2391 558 2424 1Prinio
578 2393 616 2423 B.
644 2410 688 2415 --
714 2390 745 2431 5,
770 2390 792 2424 3
808 2394 850 2424 In
876 2393 1027 2425 secundo
1055 2394 1206 2434 qualiter
1226 2395 1261 2426 B.
1289 2413 1332 2417 —
1358 2394 1389 2433 5,
1416 2394 1436 2426 5
1458 2396 1560 2435 Quod
1577 2397 1617 2427 B.
1637 2414 1681 2417 —

100 2437 131 2476 5,
164 2436 183 2469 6
209 2438 302 2480 quod
327 2439 365 2469 B.
391 2455 436 2459 —
461 2436 491 2477 5,
517 2437 536 2469 7
564 2437 665 2477 Quod
690 2438 821 2479 perdit3
850 2439 942 2478 Quid
967 2443 1065 2480 perat
1091 2439 1133 2478 C;
1162 2439 1263 2479 Quod
1289 2442 1327 2472 B.
1353 2457 1395 2461 —-
1421 2439 1451 2478 5,
1480 2439 1500 2472 8
1529 2445 1563 2473 et
1589 2442 1682 2484 quod

99 2485 139 2516 B.
165 2500 207 2505 —
233 2481 265 2519 6,
294 2481 314 2514 2
340 2483 435 2514 aliud
462 2483 581 2515 eadem
608 2484 673 2514 seit
699 2484 738 2514 A.
765 2501 809 2505 —
834 2481 864 2522 6,
891 2482 911 2515 3
938 2486 1030 2516 Hinc
1056 2485 1246 2517 seeundum
1273 2487 1445 2527 prospicit
1464 2488 1501 2519 B.
1530 2504 1573 2508 —
1600 2485 1631 2525 6,
1661 2486 1680 2519 5

101 2530 212 2560 forma
248 2528 355 2560 vidua
381 2530 426 2568 133
458 2530 577 2560 formis
611 2529 719 2560 vidua
743 2529 780 2561 C.
814 2547 859 2549 —
894 2527 932 2567 6,
966 2527 986 2561 6
1011 2530 1185 2562 fructuare
1211 2532 1250 2563 B.
1277 2549 1321 2552 ——
1346 2530 1386 2571 6,
1419 2531 1438 2563 7
1465 2533 1682 2565 subtrahitur

100 2576 139 2607 B.
164 2592 209 2595 —
234 2572 264 2612 7,
289 2573 311 2606 4
336 2585 390 2606 res
415 2573 498 2606 hinc
523 2575 591 2607 BC.
619 2593 660 2596 —
686 2573 716 2611 7,
743 2573 763 2605 5
789 2575 883 2606 Hinc
910 2576 952 2613 B,
980 2574 1035 2607 ide
1060 2576 1189 2608 nobilis
1215 2577 1255 2608 A.
1284 2594 1326 2598 -
1352 2576 1382 2613 7,
1409 2576 1429 2609 6
1459 2579 1554 2610 Deus
1573 2580 1611 2610 Β.
1637 2596 1681 2600 —

100 2618 140 2658 7,
170 2618 189 2650 7
214 2619 346 2651 Munda
371 2620 411 2651 A.
440 2637 483 2642 —-
510 2619 546 2658 7,
573 2618 593 2652 8
619 2619 797 2651 derivatur
823 2620 859 2651 C.
888 2639 930 2643 —
956 2618 994 2659 8,
1024 2619 1044 2653 6
1069 2631 1195 2653 scaeno
1223 2624 1260 2653 B.
1286 2640 1329 2644 -—
1357 2620 1396 2660 8,
1425 2622 1444 2654 7
1474 2625 1566 2655 Hinc
1591 2624 1681 2655 illud

102 2666 149 2704 B,
184 2666 221 2696 in
252 2665 399 2697 flexibus
434 2665 469 2697 C.
500 2683 545 2686 —
574 2663 612 2703 9,
648 2664 667 2696 6
700 2666 792 2696 Dum
827 2665 890 2698 flos
921 2666 1006 2698 fehlt
1037 2667 1076 2698 B.
1102 2685 1146 2688 —
1174 2666 1229 2706 10,
1268 2666 1284 2699 1
1321 2668 1405 2699 Cum
1432 2670 1507 2707 BQ
1544 2669 1682 2700 vehitur

103 2710 220 2751 aquilo
249 2710 285 2742 C.
313 2728 356 2732 ——
381 2708 420 2749 8,
454 2709 475 2741 4
500 2711 642 2753 gratiali
669 2711 705 2742 C.
733 2727 775 2731 —
812 2709 870 2749 11,
904 2709 924 2743 3
950 2713 991 2743 In
1021 2712 1087 2743 hac
1113 2723 1148 2744 se
1174 2715 1243 2744 iam
1273 2714 1413 2755 speculo
1442 2715 1477 2746 C.
1505 2733 1547 2737 —
1578 2713 1633 2751 11,
1659 2713 1681 2746 4

101 2755 197 2786 videt
221 2756 260 2786 A.
287 2771 329 2777 —
357 2754 416 2796 11⁷
451 2754 471 2788 6
495 2759 633 2787 mutant
658 2757 697 2787 A.
729 2773 767 2776 —
797 2754 855 2794 11,
889 2755 908 2788 7
934 2757 1000 2789 Per
1026 2761 1085 2799 pet
1109 2760 1202 2800 stygi
1228 2759 1267 2791 Β,
1297 2776 1341 2780 —-
1369 2757 1425 2797 1‘2,
1463 2757 1483 2790 3
1510 2760 1579 2790 Hic
1605 2760 1679 2792 Deo

102 2800 290 2832 dissimiles
314 2802 354 2833 B.
380 2818 423 2822 —
453 2799 504 2840 12,
528 2800 550 2833 4
575 2801 633 2833 hic
659 2802 843 2833 anxiamur
860 2802 899 2833 A.
925 2820 969 2824 —
996 2801 1048 2841 12,
1074 2802 1094 2834 5
1120 2804 1211 2835 Illud
1232 2805 1272 2835 B.
1298 2821 1341 2825 -—
1371 2802 1422 2841 12,
1451 2802 1469 2835 7
1498 2804 1561 2836 hoc
1580 2805 1617 2836 B.
1637 2822 1681 2826 —
