1785 3111
59 199 128 236 3a.
170 197 270 235 Huic
300 196 339 233 in
371 195 616 233 Laudunensi
648 206 743 242 pago

170 253 280 290 Felix
311 257 416 290 ortus
448 257 484 288 et
515 263 684 298 propago

230 309 342 347 Clara
372 313 572 356 parentum
603 309 722 358 serie3

62 449 133 485 4a.
175 446 363 493 Princeps
394 445 457 482 hic
485 445 701 492 praesulum

173 502 410 540 Francorum
440 501 622 549 populum

175 559 287 598 Prius
318 559 568 608 incredulum,

179 617 302 664 Super
330 626 440 663 quem
472 615 645 653 zabulum

233 673 408 720 Regnare
438 672 622 720 repperit,

64 813 133 849 53.
175 809 238 848 Ad
269 812 421 856 portum
452 807 609 855 gratiae,

178 867 299 904 Datos
329 864 515 912 perfidiae

176 922 358 961 Reddens
385 921 555 959 iustitiae

178 979 296 1017 Navis
329 978 512 1015 ecclesiae

234 1036 376 1073 Rector
407 1035 591 1082 egregius,

65 1171 136 1207 6a.
178 1166 304 1205 Claret
337 1166 385 1204 ab
417 1165 574 1203 exordio

176 1223 316 1261 Sancta
348 1222 599 1266 conversatio,

234 1279 399 1318 Deitatis
430 1289 585 1316 munere

235 1337 351 1384 Signa
383 1336 508 1383 coepit
538 1345 663 1383 agere,

178 1394 276 1432 Dum
308 1393 434 1431 adhuc
464 1393 629 1429 nutricio

236 1451 424 1489 Penderet
456 1449 504 1487 ab
536 1449 664 1489 ubere.

75 1592 139 1620 ta.
182 1581 356 1618 Necdum
387 1580 607 1618 adoleverat

179 1638 285 1685 Cum,
317 1638 416 1674 sicut
448 1637 650 1687 didicerat,

236 1695 284 1732 Se
315 1694 507 1732 subtraxit
536 1694 692 1744 populo,

234 1752 409 1789 Retraxit
440 1762 462 1788 a
492 1751 644 1788 saeculo

181 1808 334 1855 Pedem,
368 1819 441 1855 quo
472 1808 536 1845 vix
567 1811 723 1845 steterat

242 1866 285 1902 In
319 1865 398 1902 eius
430 1864 630 1902 vestibulo.

71 1996 93 2034 8
111 2006 144 2035 a.
190 1995 353 2043 Captum
384 1998 522 2045 mente,

241 2052 486 2089 constrictum
518 2052 678 2090 vinculis

186 2109 354 2158 Inopiae‚

246 2171 437 2204 carentem
469 2166 602 2213 oculis,

186 2222 314 2261 Verbo
344 2223 470 2272 solvit,

244 2284 393 2317 recreat
425 2279 559 2326 epulis,

299 2336 465 2374 Decorat
495 2336 651 2374 lumine.

77 2468 147 2505 9a.
191 2464 468 2514 Conflagrantis

242 2523 348 2560 urbis
381 2523 623 2561 Remensium

188 2581 238 2620 Se
270 2580 364 2617 dans
395 2579 516 2627 globis

247 2635 498 2683 flammarum,
532 2635 658 2672 ovium

193 2693 311 2732 Sedat
341 2693 459 2740 ignes,

249 2750 317 2787 sed
349 2754 385 2787 et
419 2750 657 2787 daemonium

306 2807 462 2844 Puellae
494 2805 632 2843 nobilis

780 80 859 120 521

877 196 899 233 3
919 194 954 233 b.
988 192 1235 231 Laudunensi
1269 202 1366 238 pago
1396 196 1506 228 natus

990 250 1092 295 Fuit,
1125 249 1192 287 sed
1227 247 1537 295 praedestinatus

1049 308 1163 345 Pater
1194 305 1370 343 Remensi
1402 305 1560 351 patriae.

883 443 960 482 4b.
994 444 1063 489 Eo,
1097 442 1197 489 quod
1229 442 1345 488 impio

997 499 1055 537 De
1085 499 1154 536 sub
1188 498 1352 535 dominio

996 557 1162 603 Raptum
1195 555 1351 602 remigio

1000 612 1284 650 Praedicatorio

1028 669 1244 707 Prudenter
1275 668 1435 706 traxerit

885 809 906 845 5
926 805 962 844 b.
996 805 1087 842 Fuit
1119 804 1301 842 divinitus

998 864 1214 908 Antequam
1246 860 1394 908 genitus

998 918 1160 956 Nomine
1193 918 1364 965 cognitus

1001 975 1052 1013 Et
1082 986 1192 1012 sacra
1223 974 1398 1023 proditus

1060 1033 1161 1069 Voce
1192 1031 1397 1078 Remigius.

888 1165 910 1202 6
930 1163 967 1203 b.
1001 1164 1081 1209 Quo
1113 1163 1278 1200 nutritus
1311 1160 1449 1205 fuerat,

999 1220 1118 1258 Lacte
1147 1219 1279 1256 matris
1311 1224 1455 1256 reserat

1058 1277 1246 1313 Liniendo
1277 1276 1421 1313 loculos

1059 1334 1260 1372 Oculorum
1293 1333 1420 1370 oculos

1001 1391 1107 1435 Eius,
1141 1390 1204 1437 qui
1235 1390 1481 1437 praedixerat

1059 1448 1173 1485 Ortus
1204 1447 1261 1483 sui
1292 1446 1436 1486 titulos

892 1580 912 1617 7
934 1579 968 1618 b.
1003 1579 1233 1616 Declaratur
1263 1576 1437 1624 pontifex

1004 1636 1052 1673 Et
1084 1635 1218 1671 salutis
1250 1632 1380 1680 opifex

1061 1691 1235 1739 Spiritali
1266 1691 1406 1727 lumine

1060 1747 1243 1786 Perfusus
1279 1752 1315 1784 et
1348 1747 1522 1795 unguine,

1005 1805 1143 1852 Fitque
1174 1815 1283 1842 sacer
1313 1802 1479 1842 sacrifex

1063 1862 1200 1901 Coram
1232 1872 1342 1899 sacra
1375 1861 1533 1908 virgine.

895 1996 918 2033 8
938 1994 974 2032 b.
1009 1993 1071 2031 Sic
1101 1993 1227 2030 unitas

1068 2061 1212 2087 summa
1244 2059 1313 2096 per
1344 2047 1539 2087 famulum.

1010 2107 1209 2144 Trinitatis

1068 2164 1250 2200 cultorem
1282 2160 1467 2206 sedulum,

1007 2221 1197 2267 Operatur

1066 2287 1138 2313 uno
1170 2275 1394 2313 miraculum

1125 2333 1283 2370 Trinum
1315 2332 1354 2368 in
1388 2331 1550 2369 homine.

898 2461 978 2502 91).
1011 2464 1133 2511 Fugat
1166 2462 1259 2500 fusis

1069 2521 1119 2559 ad
1152 2520 1272 2557 Deum
1304 2519 1481 2566 precibus

1014 2578 1065 2616 Et
1096 2588 1183 2614 mox
1214 2576 1347 2614 mortis

1070 2634 1265 2671 addictum
1296 2633 1444 2680 legibus

1016 2691 1241 2729 Redivivam

1071 2747 1199 2785 reddit
1232 2750 1368 2793 parent
1385 2746 1467 2784 bus,

1130 2803 1186 2841 Ob
1219 2803 1289 2840 hoc
1320 2803 1405 2849 plus
1443 2801 1606 2838 humilis.
