1785 3111
715 117 1011 157 —425—

158 233 181 271 5
215 231 278 269 Ad
309 235 347 268 te
379 231 542 281 suspiro,
575 230 645 268 tibi
676 231 851 278 supplico
882 235 994 278 teque
1025 232 1188 278 requiro,

125 514 177 554 10

122 799 173 838 15

122 1084 174 1121 20

123 1368 174 1406 25

126 1651 179 1689 30

125 1937 177 1974 35

126 2220 180 2257 40

126 2503 180 2541 45

215 289 319 326 Pane
349 288 511 325 salutari
542 288 697 334 cupiens
729 292 767 324 te
799 288 914 325 dante
943 288 1083 337 cibari,

211 345 334 383 Verus
365 344 464 381 enim
496 344 604 391 panis
635 349 700 382 tua
732 344 848 382 verba
880 345 1062 392 cibusque
1093 346 1284 392 perennis

209 401 312 438 Fons
343 401 456 445 vitae,
490 412 577 438 rora
608 400 788 440 refovens
818 411 901 439 mea
933 402 1090 439 caelitus
1125 413 1202 447 ora,

208 457 344 495 Funde
374 461 478 495 tuum
507 468 643 505 rorem,
677 469 724 495 ne
757 457 970 496 deficiendo
1001 459 1170 495 laborem

208 514 271 561 Et,
304 525 351 551 116
381 515 633 565 languescarn,
667 515 758 551 mihi
792 515 856 561 da,
890 526 985 562 quae
1016 527 1088 552 non
1120 516 1232 562 perit,
1267 526 1403 554 escam.

208 571 390 618 Langueo
420 571 587 621 ieiunus,
621 583 693 618 quo
725 571 915 619 sublever,
947 582 1070 609 annue
1102 584 1258 621 1111111115,

208 628 354 675 Nempe
385 638 500 675 super
532 629 662 665 dulces
696 629 827 675 epulas
860 628 923 675 pia
957 633 1114 675 pectora
1144 630 1300 677 mulces,

205 685 367 731 Insuper
398 685 554 722 excellis
588 686 746 723 dulcore
778 685 923 722 cibaria
944 686 1079 724 mellis.

206 741 264 779 Tu
294 752 408 789 super
437 747 634 789 argentum
666 743 806 779 renites
838 742 956 779 oculis
989 742 1218 789 sapientum,

206 798 287 835 Nec
317 798 467 845 lapides
500 800 577 836 cari
608 799 678 836 tibi
710 803 868 846 possunt
899 799 1164 847 aequipararig

205 855 350 892 Aurum
384 855 456 891 vile
487 859 595 902 putat
626 866 743 901 mens,
776 866 888 902 quam
920 860 984 892 tua
1014 856 1137 902 gratia
1167 860 1299 902 mutat,

207 911 306 949 Solis
342 910 526 959 fulgorem
558 923 715 959 superas
746 913 932 959 lunaeque
965 912 1141 950 decorem

205 968 422 1016 Cunctaque
453 969 723 1015 transscendis,
756 969 891 1015 quibus
923 969 1039 1006 instat
1070 969 1230 1006 mundus
1263 968 1460 1006 habendis.

205 1025 258 1062 Te
289 1026 512 1072 quicumque
544 1033 660 1072 caret,
692 1026 799 1073 quasi
832 1024 982 1063 foenum
1013 1026 1152 1063 transit
1193 1031 1229 1062 et
1262 1030 1357 1074 aret,

209 1082 419 1119 Prudentes
451 1083 597 1119 animae
630 1083 729 1120 dono
760 1082 914 1129 pietatis
946 1084 1094 1129 opimae

206 1138 411 1176 Fructibus
442 1143 479 1176 et
509 1139 636 1186 specie
667 1140 908 1176 cumulantur
938 1140 986 1176 ad
1018 1140 1139 1176 instar
1171 1139 1306 1176 olivae.

207 1194 352 1232 Stultus
383 1200 424 1233 ut
455 1196 575 1234 herba
607 1196 721 1246 cadit,
755 1197 945 1233 modicum
978 1197 1079 1243 viget
1111 1201 1148 1232 et
1180 1196 1253 1233 cito
1285 1195 1409 1240 vadit,

206 1252 331 1290 Iustus
362 1252 514 1290 florebit
545 1253 651 1300 quasi
683 1254 811 1300 palma
844 1253 982 1300 diuque
1016 1252 1195 1290 manebit.

207 1309 259 1347 Ut
291 1310 427 1346 cedrus
460 1310 595 1348 Libani
628 1310 730 1348 vivet
761 1310 892 1347 radice
921 1310 1090 1357 perenni,

209 1365 272 1403 Sic
303 1366 560 1416 benedicetur,
594 1371 632 1404 te
663 1367 832 1413 quisquis
865 1366 1006 1403 habere
1038 1371 1216 1405 meretur.

205 1423 265 1459 Da
296 1423 400 1469 1111111,
434 1425 497 1460 lux
528 1424 636 1472 lucis,
668 1423 783 1460 nullis
815 1424 972 1460 haerere
1004 1424 1170 1469 caducis,

206 1480 268 1517 Sic
300 1490 359 1517 1116
390 1480 562 1530 purifica,
595 1491 641 1517 ne
673 1490 777 1517 mens
810 1491 892 1518 mea
923 1485 1060 1517 tractet
1091 1481 1232 1526 iniqua,

205 1536 264 1574 Da
294 1536 385 1574 fidei
416 1542 574 1582 scutum,
609 1549 667 1574 me
700 1537 865 1574 reddens
897 1538 1064 1584 undique
1095 1542 1229 1575 tutum.

208 1595 367 1632 Praesta
397 1594 588 1642 virtutem,
622 1605 695 1641 qua
727 1594 885 1631 crimina
917 1599 1052 1631 cuncta
1085 1592 1258 1642 refutem,

211 1650 367 1688 Sensum
399 1651 600 1697 sincerum,
633 1653 780 1688 valeam
812 1661 885 1697 quo
918 1662 1073 1688 cernere
1106 1661 1247 1687 verum.

210 1708 402 1745 Virtutum
433 1709 605 1755 genetrix
637 1713 674 1744 et
707 1708 874 1745 criminis
907 1708 1018 1745 unica
1051 1708 1200 1756 victrix,

210 1764 282 1814 Sic,
317 1775 466 1812 precor,
497 1770 539 1802 ut
570 1776 678 1802 renes
711 1765 896 1811 reprimas
926 1775 1152 1811 carnemque
1185 1762 1371 1810 refrenes,

211 1821 263 1859 Ut
294 1826 424 1858 sancte
455 1823 580 1860 vivam
612 1833 739 1859 curam
772 1821 985 1858 cohibendo
1016 1822 1201 1869 nocivam,

207 1877 263 1916 Ut
293 1878 348 1914 sic
378 1879 605 1925 restringam
637 1883 747 1916 cauto
779 1879 1038 1916 moderamine
1069 1878 1248 1926 linguam,

211 1935 281 1982 Ne,
316 1935 403 1972 dum
435 1936 598 1985 laxatur,
631 1946 726 1983 quae
758 1935 833 1972 sint
866 1936 1074 1981 reticenda,
1108 1935 1296 1982 loquatur.

211 1992 372 2042 Christe,
407 1991 493 2030 fave
524 1993 636 2040 votis,
668 2003 777 2039 quem
809 1992 985 2029 sensibus
1016 1992 1150 2029 invoco
1181 1992 1284 2037 totis,

211 2049 265 2087 Ut
295 2049 445 2096 sapiens
478 2049 563 2087 fiam
596 2060 724 2087 veram
757 2049 921 2086 sitiendo
949 2049 1134 2097 sophiam.

211 2105 338 2143 Verba
369 2117 505 2154 sapore
531 2107 621 2143 salis
652 2116 735 2143 mea
767 2106 876 2142 condi
910 2105 1132 2152 spiritualis,

211 2163 291 2199 Fac
322 2173 380 2199 1116
411 2164 617 2209 sollertem,
651 2173 698 2199 ne
729 2163 867 2199 sentiat
900 2163 1017 2199 hostis
1048 2162 1222 2199 inertem.

211 2219 283 2265 Qui
312 2218 408 2257 facis
438 2219 603 2258 infantes
636 2220 863 2256 charismate
896 2219 1019 2256 laudis
1051 2223 1207 2255 ovantes

211 2276 361 2323 Oraque
392 2281 496 2314 muta
527 2277 640 2315 doces
672 2275 859 2313 formosas
891 2285 1065 2322 promere
1096 2285 1219 2321 voces,

213 2332 298 2370 Oris
330 2333 496 2370 claustra
526 2334 600 2370 mei
631 2344 762 2370 resera
792 2343 965 2369 sermone
997 2331 1114 2380 fideli,

214 2390 294 2435 Quo
326 2389 395 2426 tibi
428 2391 509 2427 laus
543 2391 666 2435 detur,
699 2401 772 2436 quo
804 2389 998 2435 proximus
1029 2388 1265 2427 aedificetur.

213 2445 276 2482 Sic
305 2457 365 2483 me
398 2447 552 2483 caelesti
585 2447 738 2495 virtute,
773 2445 955 2493 piissime,
989 2445 1097 2492 vesti,

214 2502 267 2540 Ut
297 2503 367 2539 sim
399 2502 580 2550 pacificus
611 2504 868 2550 prudensque,
901 2502 1060 2549 piusque
1091 2501 1266 2548 pudicus.

213 2559 278 2596 Me
308 2559 379 2596 tibi
413 2560 648 2607 commendo,
680 2570 727 2596 116
757 2569 911 2606 peccem
944 2559 1203 2606 despiciendo,

211 2616 374 2665 Mecum,
408 2628 547 2664 quaeso
577 2627 700 2665 mane,
734 2626 781 2652 ne
812 2615 1015 2662 quidquam
1052 2614 1159 2652 fallat
1191 2615 1315 2661 inane,

210 2673 261 2709 Et
291 2673 346 2710 sic
376 2674 537 2720 interna,
571 2684 663 2720 quos
697 2673 824 2720 diligo,
858 2673 941 2708 luce
972 2672 1152 2719 guberna.

211 2728 263 2767 Ut
295 2740 438 2768 mecum
471 2731 587 2768 vitam
619 2734 836 2766 mereantur
867 2729 1008 2766 habere
1039 2729 1202 2767 beatam.
