1785 3111
757 88 1067 127 —232—

409 206 472 241 Ius
505 206 561 239 est
590 212 752 248 namque
782 201 853 238 tibi
883 203 1044 249 gemitus
1075 202 1209 239 audire
1241 208 1401 250 tuorum,

468 259 540 306 Qui
571 262 608 295 te
637 259 774 306 quique
805 262 910 295 tuum
941 269 1076 296 nomen
1106 270 1234 296 amore
1266 265 1413 298 sonant.

325 319 361 353 5.
410 317 467 353 Tu
498 320 607 363 pater
638 326 676 352 es
710 315 801 361 veri,
834 326 944 352 verus
975 315 1091 363 Deus,
1123 317 1247 353 omnia
1279 327 1405 366 verax,

465 373 518 409 Te
550 383 678 409 verum
711 372 911 409 Dominum
944 377 1079 409 cuncta
1110 377 1238 409 creata
1268 373 1444 419 probant.

408 430 510 476 Ergo
542 428 631 476 fuga
663 429 812 475 densas,
845 439 866 465 o
896 429 961 465 lux
991 428 1173 466 immensa
1204 429 1393 478 tenebras,

466 487 616 536 Detege
646 485 847 522 mendosos
878 485 1030 522 luminis
1061 496 1126 522 ore
1156 486 1288 533 globos

410 543 494 580 Non
520 541 803 580 confundantur
830 541 940 578 mites
972 545 1009 578 te
1039 542 1213 589 principe
1244 543 1362 592 pacis,

296 600 357 636 10.
465 600 494 637 O
526 599 581 636 fili
612 599 749 647 David,
783 610 804 635 o
836 598 1035 635 Salomone
1066 599 1182 645 prior,

408 656 483 694 Sed
516 655 797 693 confundantur
828 655 999 692 mendosi
1031 654 1223 693 daemonis
1255 667 1371 703 arma,

466 713 556 758 Quis
587 712 719 759 inopes
751 716 882 749 contra
914 711 1042 749 sibilat
1072 712 1175 758 aspis
1207 723 1308 752 oves,

408 770 477 815 Tu,
510 770 569 806 leo
601 769 647 806 de
678 769 784 817 Iuda,
817 773 870 814 tu,
903 779 983 816 rex,
1016 774 1068 818 tu,
1101 769 1301 815 splendide
1334 769 1482 807 Christe

464 827 583 863 Vince
614 825 825 862 latebrosas
856 825 939 862 luce
970 825 1114 862 nitente
1144 826 1332 872 strophas.

294 882 358 920 15.
407 884 600 921 Clarescat
633 882 778 919 cunctis
811 882 951 919 erroris
983 887 1020 918 et
1050 886 1132 919 atra
1165 893 1338 928 caverna,

463 940 576 978 Unde
607 940 700 976 serit
730 939 856 985 piceas
889 938 983 975 falsa
1016 939 1166 985 loquela
1197 937 1312 978 faces.

407 997 464 1033 Tu
495 997 681 1043 quondam
716 994 842 1032 fueras
872 1000 998 1032 castae
1030 994 1204 1032 fautorne
1236 995 1440 1044 Susannae,

463 1053 595 1089 Testes
627 1051 793 1089 falsidici
824 1062 893 1088 nec
924 1052 1077 1089 valuere
1109 1051 1213 1088 viri?

405 1111 489 1147 Non
520 1110 597 1145 illis
629 1110 797 1156 geminus
829 1119 1019 1157 numerus,
1051 1120 1124 1145 non
1157 1119 1248 1146 cana
1282 1112 1448 1146 vetustas

295 1167 359 1203 20.
463 1165 623 1212 Profuit,
657 1166 757 1203 haud
790 1164 913 1201 fusum
946 1164 1043 1202 falsa
1074 1175 1142 1212 per
1173 1177 1238 1202 ora
1270 1166 1421 1211 malum,

407 1224 482 1261 Sed
513 1228 550 1259 te
581 1224 709 1260 veraci
741 1222 915 1268 Domino,
948 1227 985 1258 te
1016 1222 1141 1259 iudice
1173 1233 1315 1259 summo

463 1279 699 1326 Sorpserunt
731 1279 914 1325 reprobos
945 1279 1107 1316 Tartara
1139 1289 1250 1316 caeca
1282 1280 1405 1326 viros;

404 1337 474 1384 Qui
509 1337 724 1378 dilexerunt
756 1336 947 1372 mendosis
974 1335 1128 1381 figmina
1159 1336 1307 1382 plastis,

461 1395 567 1431 Inter
598 1393 798 1429 mendosos
830 1393 999 1439 praemia
1032 1392 1145 1439 digna
1176 1393 1295 1430 luunt.

291 1452 356 1487 25.
404 1451 554 1499 Magne,
588 1450 643 1486 tui
674 1449 813 1486 victrix
845 1449 899 1485 sic
928 1449 1104 1496 splendet
1137 1449 1237 1486 celsa
1269 1453 1451 1497 potestas,

461 1506 574 1544 Cuius
606 1507 644 1543 in
675 1511 832 1552 aspectu
864 1505 995 1543 nubila
1026 1504 1124 1542 falsa
1155 1506 1307 1543 cadunt.

404 1564 461 1601 Tu
493 1564 593 1600 solus
625 1563 733 1600 nobis
766 1563 816 1599 sis
848 1563 974 1609 iudex,
1009 1562 1171 1609 Christe,
1204 1563 1387 1610 benignus

464 1620 554 1657 Alto
587 1620 708 1666 deque
738 1620 874 1656 throno
906 1619 1117 1666 propitiare
1149 1620 1235 1658 tuis.

406 1677 605 1716 Credimus
637 1676 835 1713 altithroni
867 1676 1033 1723 genitum
1065 1679 1115 1724 te,
1149 1676 1313 1712 maxime
1343 1681 1483 1721 rector,

292 1734 357 1772 30.
463 1734 666 1780 Speramus
698 1734 826 1769 mitem
855 1732 1009 1769 mitibus
1041 1743 1123 1769 esse
1158 1733 1302 1770 ducem.

406 1791 508 1838 Ergo
540 1790 614 1826 tuis
646 1789 797 1826 famulis
828 1789 974 1826 alienae
1005 1789 1155 1826 sarcina
1185 1789 1294 1826 molis

462 1847 547 1884 Non
579 1847 795 1893 adponatur
826 1846 951 1882 iudice
982 1850 1019 1882 te
1052 1846 1225 1884 Domino.

404 1905 446 1941 In
478 1908 515 1939 te
548 1908 746 1949 sperantes
777 1914 851 1940 non
885 1901 1161 1939 confundamur
1190 1903 1227 1939 in
1261 1913 1407 1949 aevum,

462 1960 611 2006 Sceptri
644 1961 750 2007 virga
781 1960 835 1996 tui
868 1958 1019 2008 frangat
1053 1970 1204 1996 enorme
1236 1958 1356 1998 nefas.

292 2018 363 2056 35.
411 2018 586 2055 Iustitiae
617 2018 797 2053 trutinam
830 2016 1002 2053 manibus
1035 2027 1134 2063 rege,
1169 2017 1332 2053 candide
1362 2016 1489 2061 iudex,

466 2074 566 2110 Vera
597 2074 724 2110 volent
755 2085 916 2120 sursum,
949 2079 1081 2120 vergat
1110 2073 1148 2109 in
1180 2073 1254 2109 ima
1285 2073 1438 2111 malum.

410 2131 466 2167 Tu
497 2130 605 2167 nobis
639 2131 795 2178 clipeus,
828 2134 868 2167 tu
900 2131 950 2166 sis
982 2130 1173 2175 turrisque
1204 2130 1351 2179 salutis,

468 2187 647 2231 Maxime,
680 2192 722 2224 tu
752 2187 909 2223 miseros
941 2187 1100 2233 respice,
1134 2186 1299 2233 Christe,
1333 2192 1429 2223 tuos.

1485 801 1494 820 ¹}

234 2287 314 2318 Cod.
335 2287 493 2318 Vatican.
513 2288 626 2319 Palat.
653 2285 730 2319 591.
756 2298 844 2319 saec.
867 2286 917 2318 15.
934 2304 978 2308 —
995 2285 1015 2318 5
1033 2297 1135 2318 verus
1153 2286 1192 2317 dr
1208 2284 1306 2326 (statt
1323 2285 1385 2325 ds).
1404 2305 1446 2308 —
1468 2284 1507 2318 19
1525 2290 1702 2318 venustas.

137 2349 179 2352 —
216 2330 259 2362 20
292 2333 448 2364 Profluit.
481 2351 524 2354 —
557 2333 718 2371 Pirenne,
751 2332 915 2365 Sedulius
941 2333 982 2364 de
1008 2331 1126 2374 Liege‚
1160 2343 1192 2374 p.
1219 2330 1262 2363 64
1288 2340 1357 2374 sq.3
1388 2332 1541 2365 Traube,
1575 2333 1703 2364 Poetae

140 2376 225 2407 Aevi
253 2378 408 2409 Carolini
435 2379 497 2416 ΙΙΙ,
526 2376 591 2409 213
616 2389 666 2419 sq.

527 2534 606 2569 176.
643 2535 700 2576 (5.)
736 2534 793 2568 De
820 2534 966 2576 Strage
994 2534 1313 2568 Normannorum

410 2641 443 2676 1.
492 2638 691 2676 Gaudeant
724 2639 831 2682 caeli,
864 2650 980 2683 mare,
1013 2643 1147 2675 cuncta
1178 2642 1293 2685 terra,

492 2695 665 2732 Gaudeat
702 2695 845 2733 Christi
876 2696 1115 2742 populusque
1145 2705 1320 2741 vernans,

496 2751 615 2788 Facta
645 2752 804 2788 miretur
835 2752 987 2790 Domini
1017 2751 1182 2788 tonantis

680 2808 815 2846 Fortia
844 2808 977 2855 patris.
