1785 3111
340 156 407 193 20.

335 497 403 535 21.

332 839 396 876 22.

326 1179 392 1217 23.

321 1520 387 1558 24.

318 1863 384 1900 25.

763 47 1074 89 -139-

454 155 561 193 Η666
591 159 733 206 quippe
764 161 845 198 visa
876 161 1101 202 festinantes
1133 167 1279 213 poplite

452 213 615 251 Peracta
644 217 786 254 sanctis
819 219 998 257 dixerunt
1029 222 1248 270 discipulis:

452 269 638 316 Surrexit,
671 283 771 322 ecce,
805 275 1005 325 Dominus,
1036 283 1077 314 ut
1110 280 1271 327 dixerat,

451 327 496 363 In
528 327 717 367 Gallilaea
747 333 886 369 montis
917 344 1032 381 super
1064 337 1242 374 verticem

450 383 549 421 Illuc
579 390 710 424 euntes
743 399 808 425 vos
840 400 923 426 eum
955 391 1146 429 videbitis.

452 497 600 534 Cursim
633 505 818 538 venerunt
850 503 1026 541 undecim
1059 506 1238 553 discipuli

448 554 492 590 In
525 554 764 605 Gallilaeam,
797 560 862 595 sed
903 561 1035 598 Petrus
1068 573 1114 600 ex
1146 565 1295 601 nomine

447 611 562 648 Venit
594 618 762 662 vocatus,
795 616 979 663 suavique
1010 618 1174 657 Domino

446 668 730 718 Adoraverunt,
763 672 898 717 quibus
932 674 1065 711 vulnus
1096 677 1251 714 lanceae

447 725 623 763 Ostendit
655 731 768 774 atque
801 729 992 767 clavorum
1026 734 1198 780 vestigia.

444 838 586 885 Magno
617 839 720 876 beati
751 846 838 878 sunt
869 843 987 890 gavisi
1019 847 1157 892 gaudio

443 895 656 942 Omnesque
685 909 842 944 prorsus
875 898 1005 938 felices
1039 903 1239 951 discipuli,

441 952 601 998 Quidam
635 953 779 990 labenti
813 956 1037 995 dubitabant
1068 967 1234 1006 pectore,

440 1008 642 1046 Firmabat
672 1022 767 1048 unus
800 1013 985 1053 Thomas:
1020 1016 1104 1053 Nisi
1137 1018 1267 1056 videro

444 1065 561 1102 Latus
592 1073 779 1117 apertum,
813 1081 887 1107 non
920 1072 1087 1121 credam,
1120 1085 1187 1123 per
1218 1076 1403 1116 lanceam.

439 1179 524 1216 Nisi
554 1186 723 1218 sacratas
754 1181 896 1221 fixuras
924 1185 962 1222 in
992 1187 1165 1224 manibus

439 1236 622 1286 Tangam,
655 1237 833 1276 foderunt
865 1252 958 1287 quas
991 1244 1180 1281 clavorum
1214 1246 1349 1293 iacula,

439 1292 525 1330 Non
563 1295 727 1334 credam
790 1297 896 1334 165115
930 1300 1000 1347 cui
1037 1301 1157 1338 dulcis
1189 1302 1386 1352 Dominus,

440 1351 641 1397 Palpanda
672 1353 841 1391 membra
874 1358 1059 1393 concessit
1092 1359 1290 1407 continu03

437 1407 635 1458 Dominus,
668 1409 937 1458 inquit,1ncus
970 1419 1005 1450 et
1037 1414 1139 1452 Deus
1172 1427 1287 1457 1116115

435 1521 542 1558 Τ11116
574 1522 671 1559 dixit
700 1523 798 1561 illis:
834 1526 912 1563 Pax
945 1526 1063 1577 vobis,
1097 1540 1156 1577 en,
1187 1541 1254 1577 ego
1286 1542 1390 1579 sum,

436 1578 565 1615 Omnis
599 1584 768 1626 potestas
799 1582 837 1618 in
871 1584 975 1620 caelo
1008 1595 1090 1621 cum
1121 1587 1241 1633 gloria

433 1634 505 1671 Est
538 1636 629 1673 data
660 1637 764 1684 mihi,
798 1638 873 1675 fixo
905 1642 1020 1677 corde
1053 1643 1209 1689 credite,

432 1691 477 1728 In
507 1696 613 1729 terra
644 1705 789 1732 summa
820 1701 1002 1746 potestas,
1036 1699 1196 1737 victoria

431 1748 530 1785 Mihi
561 1751 731 1788 manebit
761 1763 832 1799 per
861 1758 1017 1792 aeterna
1045 1758 1208 1796 56661116.

433 1862 510 1900 Cur
541 1863 648 1913 dicis,
682 1866 756 1901 alta
791 1866 862 1903 Dei
893 1868 1090 1917 sapientia,

430 1920 541 1958 Hanc
572 1931 653 1958 esse
684 1922 753 1959 tibi
784 1928 1010 1969 potestatem
1043 1928 1235 1976 traditam,

429 1977 547 2023 Quam
579 1988 730 2025 semper
760 1980 878 2017 habes
910 1992 992 2018 cum
1020 1988 1129 2030 patre
1158 1987 1390 2024 consimilem

429 2033 568 2070 Datam
603 2036 670 2072 sed
704 2037 828 2073 carnis
860 2048 930 2085 per
961 2045 1133 2077 naturam
1166 2043 1369 2094 subditam,

429 2089 488 2127 De
520 2096 644 2128 matre
675 2098 807 2131 sancta
839 2106 949 2141 quim
983 2098 1118 2134 16111511
1150 2100 1328 2137 sumere?

1395 2019 1404 2038 5

372 2235 381 2243 .
427 2205 463 2241 A
494 2209 604 2251 patre
637 2205 726 2242 data
758 2218 831 2243 non
865 2209 1034 2246 creditur
1064 2211 1177 2249 aliter

428 2260 628 2308 Gignendo
658 2262 731 2299 nisi
761 2264 873 2301 modo
904 2265 1099 2316 ineffabili,

429 2317 527 2354 Nam
561 2330 712 2365 semper
741 2331 873 2367 aequa,
907 2333 1057 2371 semper
1089 2335 1243 2373 compar
1273 2328 1394 2374 gloria

429 2374 535 2411 Patri
568 2376 712 2422 tibique
743 2382 949 2425 sanctoque
980 2382 1131 2427 spiritui

426 2431 573 2478 Manet,
606 2438 787 2480 potestas,
823 2435 954 2481 virtus,
987 2437 1078 2487 laus,
1114 2439 1328 2487 imperium.

426 2544 585 2591 Spirans
617 2546 654 2583 in
687 2557 750 2583 eos
780 2546 989 2585 insufflavit
1021 2552 1205 2601 protinuS,

427 2603 619 2643 Sanctum,
652 2602 839 2653 profatur,
872 2606 1035 2653 accipite
1067 2610 1256 2656 spiritum,

423 2659 584 2697 Peccata
617 2671 773 2706 quorum
807 2663 1004 2700 commissa
1036 2665 1241 2711 dimittitis

423 2715 546 2753 Erunt
579 2717 748 2765 remissa,
782 2729 1013 2766 quorumque
1043 2723 1235 2772 tenebitis,

423 2769 547 2810 Erunt
579 2778 748 2819 retenta3
783 2775 840 2812 his
871 2779 1089 2824 praeceptis
1116 2781 1258 2819 edidit:
