1785 3111
652 64 958 105 -353-—

110 180 215 213 Grad.
248 190 310 211 ms.
348 180 557 212 Seeoviense
583 176 624 218 (ἵν’)
648 188 738 210 saec.
767 176 818 213 12,
868 178 951 211 Cod.
976 179 1219 210 Vindobonen.
1248 175 1290 210 13
1303 175 1378 209 314.
1406 194 1448 198 ——
1474 174 1532 215 3b‚
1560 174 1581 208 3

20 225 91 258 und
123 223 145 257 8
179 226 256 257 eine
290 225 388 257 Silbe
420 223 517 255 mehr
549 224 600 255 als
633 223 689 255 die
721 224 950 266 Gegenzeile3
984 225 1111 256 ebenso
1145 223 1207 261 4a,
1236 222 1251 255 1
1284 240 1329 244 —-
1356 222 1455 254 Mela
1490 219 1580 253 Dies

20 269 281 312 scuzctificatus.
307 289 351 293 —
375 269 593 302 Wiederholt
618 278 680 300 aus
707 270 807 302 Anal.
833 270 894 307 IX,
923 267 965 301 14
989 280 1040 311 sq.

426 471 508 507 273.
544 471 624 513 (10.)
658 471 703 505 In
730 471 883 508 Octava
906 470 1170 515 Epiphaniae.

481 578 517 618 1.
563 577 664 614 Laus
694 576 777 625 tibi,
811 577 974 626 Christe,

563 644 701 681 sponso
731 644 908 680 sponsae,

561 691 643 728 laus
674 690 713 727 in
744 696 781 727 te

561 747 724 784 trinitati
756 754 921 784 sanctae.

47 864 70 900 2
89 873 122 900 a.
156 862 250 908 Quia
281 862 413 898 mundi
442 865 558 907 sator,
864 859 939 900 2b.
972 859 1100 897 Rebus
1133 859 1226 895 dans
1257 857 1416 905 singulis

161 918 263 955 salus
297 929 335 955 es
368 922 405 955 et

160 979 370 1022 reparator,

47 1089 69 1126 3
87 1099 121 1128 a.
155 1089 202 1125 Vi
233 1088 391 1126 rationis

160 1155 225 1182 cor
255 1146 407 1192 signans

159 1203 283 1249 angeli
314 1207 351 1239 et
378 1201 554 1250 hominis,

153 2689 227 2716 vox
258 2692 373 2727 super
402 2692 532 2730 aquas,

155 2740 197 2771 ut
227 2743 370 2774 mentes
400 2743 544 2775 terreat

153 2789 387 2842 fluctivagas,

864 1086 943 1126 3b.

81 2858 106 2884 D
115 2867 152 2885 re
161 2868 180 2886 v
189 2869 205 2887 e
214 2870 227 2887 s
237 2883 243 2894 ‚
270 2863 474 2891 Lateinische
494 2863 783 2898 Eymnendichter.
822 2862 879 2890 IX.

976 920 1063 953 tuae
1092 915 1246 953 umbras

974 973 1160 1020 imaginis,

974 1087 1068 1124 Eius
1100 1086 1320 1133 crystallum

975 1144 1172 1185 indurans,

977 1201 1088 1238 huius
1118 1204 1254 1237 testam
1285 1199 1465 1238 solidans.

45 1318 122 1354 4a.
155 1315 212 1352 Tu
243 1314 327 1352 fons
359 1316 530 1363 benigne,
862 1314 941 1353 4b.
975 1313 1101 1352 Corde
1128 1313 1298 1360 parentis

157 1371 243 1409 finis
273 1378 439 1421 aeterne,
975 1372 1108 1408 unicus
1140 1375 1263 1415 natus,

159 1430 264 1476 origo
975 1439 1014 1464 es
1047 1426 1186 1464 fratres

157 1497 296 1532 rerum,
331 1486 499 1523 clausula
530 1495 697 1532 operum,
974 1485 1114 1522 habere
1145 1495 1212 1520 nos
1245 1483 1430 1531 dignatus,

45 1602 67 1637 5
87 1610 120 1640 a.
151 1600 200 1638 Ut
234 1610 387 1637 consors
416 1604 574 1637 naturae
862 1601 885 1637 5
904 1598 941 1638 b.
973 1598 1023 1635 Et
1054 1598 1148 1635 lucis
1179 1598 1371 1644 particeps

157 1657 342 1694 hnmanae
975 1655 1126 1692 divinae

159 1714 225 1750 des
257 1714 396 1751 homini
975 1722 1039 1749 eor
1069 1711 1231 1749 hominis

159 1771 288 1808 divina
314 1782 460 1818 sapere,
970 1780 1045 1806 non
1075 1769 1231 1806 laedant
1261 1767 1454 1806 tenebrae.

14 1928 20 1931 ,
45 1885 119 1923 63.
152 1884 269 1929 Quem
299 1889 410 1932 pater
440 1889 530 1922 tunc
561 1895 630 1932 per
659 1889 697 1921 te
861 1884 938 1923 6b.
971 1883 1058 1921 Tibi
1089 1893 1225 1929 corpus
1256 1885 1392 1928 aptans

155 1941 194 1977 in
226 1945 430 1989 pneumate
973 1940 1168 1985 ecelesiae,

158 1998 288 2043 voluit,
321 1997 425 2046 fecit,
973 1997 1150 2044 palmites
1183 1996 1266 2044 viti,

157 2053 252 2091 fovit
282 2055 510 2104 machinam,
974 2054 1143 2090 membra
1176 2052 1305 2101 capiti,

157 2116 318 2161 creat-ae,
973 2111 1203 2158 sordentem,

155 2166 341 2206 formatae
972 2172 1202 2204 marcentem

157 2225 370 2275 distinguis,
402 2225 527 2274 pingis
972 2228 1014 2261 tu
1043 2223 1120 2261 fide
1150 2223 1325 2271 mundas,

155 2284 319 2330 speciem
353 2283 508 2323 variam.
973 2280 1111 2328 spiritu
1142 2284 1307 2327 vegetas.

45 2394 66 2432 7
85 2405 117 2431 a.
151 2395 273 2440 Hanc,
305 2394 374 2433 fios
405 2396 536 2443 stirpis
567 2396 683 2443 Iesse,
860 2394 935 2434 7b.
968 2394 1133 2441 Septeno
1165 2394 1380 2435 chrismate,

153 2458 289 2490 unctus
320 2453 403 2490 oleo
969 2451 1070 2498 quod
1100 2451 1138 2487 in
1171 2451 1333 2487 Iordane

154 2510 263 2557 ungis
294 2510 476 2559 laetitiae,
970 2507 1143 2545 columba
1172 2507 1303 2545 intulit
1333 2506 1427 2545 Noe.

45 2619 67 2657 8
85 2631 119 2660 a.
149 2621 262 2660 Cuius
292 2624 439 2661 timoris
859 2622 935 2661 8b.
972 2622 1051 2660 Vox
1082 2622 1119 2658 in
1152 2622 1293 2658 virtute

971 2684 1027 2716 est
1057 2678 1227 2725 pietatis,

972 2735 1126 2772 moralis
1158 2736 1287 2782 regula

968 2792 1180 2839 gravitatis.
