1785 3111
836 35 915 76 287

468 153 504 189 2.
552 150 672 187 Roma
700 150 866 197 superba
896 150 974 187 suis
1004 150 1125 187 titulis

556 206 668 244 Hunc
698 207 934 253 genitoribus
966 208 1144 245 eximium

615 263 719 300 Tulit
750 264 892 311 ingenii

618 320 746 358 validi
777 331 946 367 puerum,

611 377 750 414 Animo
782 376 948 421 facilem,

613 434 748 480 Specie
778 434 961 482 nitidum3

663 491 719 528 Tu
750 501 909 538 quoque,
942 496 1100 537 martyr,

721 548 841 584 Posce
872 548 981 584 nobis
1012 549 1176 585 veniam.

173 651 226 681 De
253 649 400 680 Villiers
433 649 473 680 fr.
502 646 576 680 181.
605 649 636 679 b.
661 666 705 670 —-
730 648 802 678 Auf
822 647 896 679 dies
922 647 1141 679 Bruchstiick
1166 648 1261 679 eines
1287 649 1652 688 (seirannus-Hymnus

84 696 169 738 folgt
195 694 285 726 ohne
312 687 535 726 'Ubersehrift
561 694 617 725 ein
643 693 788 724 anderes
813 692 962 725 Gedicht
986 694 1050 723 mit
1073 693 1149 724 dem
1176 693 1334 734 Anfange
1360 690 1528 724 Prandia
1549 691 1650 724 lauta

80 738 244 778 modwn;
271 741 308 771 in
334 740 411 771 dem
429 739 617 771 Abdrucke
642 739 698 770 bei
722 739 841 780 Migne
867 740 912 769 ist
938 749 1000 769 aus
1027 739 1093 770 den
1119 739 1244 770 beiden
1269 739 1471 780 disparaten
1498 739 1652 771 Stiicken

79 788 175 818 eines
199 785 371 828 gemacht.

532 901 614 936 219.
653 901 708 943 (9).
746 901 804 935 De
830 900 972 935 sancto
1000 900 1194 937 Martino.

82 1005 118 1042 1.
166 1003 274 1040 Inter
306 1005 437 1049 patres
467 1001 668 1038 monastici

163 1060 233 1096 Vel
270 1058 461 1096 clericalis
494 1058 639 1095 ordinis

163 1117 361 1154 Martinus
393 1119 450 1152 est
481 1115 685 1152 virtutibus

163 1172 333 1220 Insignis
365 1176 403 1209 et
432 1172 641 1210 miraculis.

80 1267 116 1304 2.
163 1265 250 1302 Nou
284 1263 445 1311 quilibet
479 1264 526 1300 de
557 1262 745 1310 pluribus,

163 1321 241 1360 Sed
273 1321 341 1358 ille
372 1320 565 1358 solitarius

164 1378 307 1427 Primo,
344 1377 482 1414 dehinc
513 1377 726 1414 Turonicac

163 1435 326 1472 Praesul
358 1438 545 1481 paterque
575 1435 736 1480 patriae.

84 1528 119 1565 3.
166 1525 327 1563 Directa
359 1535 468 1572 quem
499 1524 705 1571 prudentia

165 1582 375 1628 Fortisque
404 1581 672 1628 temperantia,

166 1640 264 1686 Quin
297 1639 475 1676 universa
507 1638 691 1675 sanctitas

166 1696 339 1746 Ornavit,
373 1695 445 1732 hoc
476 1700 533 1731 est
565 1695 719 1733 caritas.

84 1790 122 1826 4.
168 1787 206 1825 Is
237 1786 400 1834 pauperi
431 1797 543 1833 quam
576 1786 728 1833 dividit⁷

170 1844 219 1882 Se
251 1850 358 1881 veste
391 1843 563 1880 Christus
591 1843 729 1891 induit,

166 1901 272 1938 Dans
305 1900 414 1947 signa
442 1904 573 1936 tantae
604 1901 750 1947 gratiae

170 1957 344 1994 Necdum
378 1962 510 1993 renato
543 1967 711 1997 cernere.

907 1004 945 1040 5.

908 1786 946 1824 S.

991 1001 1083 1038 Mox
1115 999 1220 1038 fonte
1253 1001 1348 1038 caeli
1379 1001 1563 1050 roscidus,

991 1055 1132 1095 Sancto
1163 1059 1335 1104 repletur
1364 1058 1503 1104 spiritu

990 1115 1163 1161 Divoque
1195 1114 1314 1152 fretus
1345 1116 1498 1151 numine

992 1172 1027 1208 It
1057 1177 1099 1208 ut
1130 1176 1264 1218 potens
1295 1172 1502 1218 apostolus

992 1261 1170 1300 Confutat
1200 1269 1303 1300 ortas
1334 1263 1524 1311 haereses7

990 1320 1099 1356 Iussu
1130 1320 1283 1366 repellit
1316 1321 1529 1367 daemones⁷

988 1377 1137 1423 Leprae
1168 1378 1343 1413 medetur
1371 1377 1500 1414 osculo

989 1433 1040 1470 Et
1071 1434 1229 1470 mortuis
1261 1435 1449 1480 precario.

993 1525 1092 1570 Quid
1123 1525 1209 1572 igne
1241 1530 1351 1571 rapto
1383 1525 1539 1562 caelitus

993 1581 1189 1619 Cremasse
1221 1580 1309 1618 fana
1340 1580 1511 1619 funditus

992 1638 1214 1685 Gravesque
1244 1640 1362 1675 moles
1392 1650 1462 1686 per
1492 1638 1605 1676 fidem

992 1695 1104 1732 Hunc
1143 1696 1384 1732 transtulisse
1422 1696 1653 1745 praedicem,

992 1786 1158 1824 Dedisse
1190 1787 1312 1824 caecis
1344 1787 1485 1837 sidera,

993 1844 1143 1880 Sentire
1175 1844 1302 1881 surdis
1334 1855 1476 1891 organa

992 1901 1186 1947 Mutisque
1217 1901 1528 1947 praecinentibus

992 1959 1158 2004 Aptasse
1191 1958 1344 1994 claudos
1376 1958 1566 1995 saltibus?

531 2049 569 2088 9.
617 2049 715 2094 Quot
745 2050 906 2096 gesserit
937 2049 1153 2086 huiusmodi

624 2106 897 2143 Miraculorum
927 2107 1041 2148 milia,

625 2162 741 2208 Fugit
770 2163 883 2209 ligari
916 2164 1060 2200 calculo

627 2220 738 2256 Velut
770 2220 933 2256 suburra
964 2220 1130 2266 pontica.

177 2321 292 2363 Opera
317 2331 383 2352 ms.
408 2321 682 2362 Fulbertisaec.
711 2319 763 2352 11.
789 2321 836 2352 in.
863 2318 932 2362 [12.
960 2325 993 2352 et
1022 2318 1099 2363 17.].
1142 2320 1224 2353 Cod.
1253 2323 1405 2353 Parisin.
1431 2320 1531 2354 2827.
1559 2322 1597 2354 A.
1616 2341 1660 2343 —

93 2367 194 2398 Brev.
219 2377 282 2398 ms.
307 2367 456 2398 Maioris
480 2367 689 2398 Monasterii
716 2376 804 2398 saec*
833 2366 884 2397 13.
927 2367 1010 2398 Cod.
1035 2367 1208 2398 Turonen.
1237 2366 1311 2399 153.
1339 2368 1378 2398 B.
1405 2387 1448 2390 —
1470 2369 1571 2400 Brev.
1598 2379 1659 2399 ms.

91 2412 236 2444 Lirense
270 2422 360 2443 saec.
397 2410 448 2444 14.
484 2414 530 2443 in.
584 2411 669 2444 Cod.
704 2412 890 2443 Ebroicen.
925 2410 1000 2443 119.
1035 2413 1072 2443 C.
1108 2430 1146 2433 —
1183 2414 1284 2445 Brev.
1318 2424 1381 2444 ms.
1415 2413 1448 2445 S.
1483 2414 1661 2445 Vincentii

90 2457 348 2490 Cenomannen.
381 2467 472 2489 saec.
508 2456 559 2489 15.
609 2457 693 2489 Cod.
728 2458 858 2489 Semin.
890 2458 1146 2489 Cenomaunen.
1180 2470 1206 2490 s.
1239 2470 1272 2489 n.
1299 2460 1340 2490 D.
1369 2476 1411 2481 —-
1438 2459 1660 2491 De'Villiers

89 2503 148 2535 fOL
176 2501 399 2590 {Tsslbpfft-res
423 2548 642 2579 monachalis
660 2548 703 2579 E.
729 2566 771 2570 —
799 2545 828 2586 l,
854 2546 874 2579 3
901 2559 950 2590 sq.
970 2550 1121 2580 Virtutis
1140 2549 1335 2581 excelentia
1357 2550 1361 2588 Ι
1383 2551 1559 2581 Martinus
1580 2547 1661 2591 [est]

87 2593 258 2626 notabilis
292 2593 333 2625 E.
367 2612 412 2614 —
443 2593 509 2625 Str.
546 2591 566 2624 ‘2
598 2593 684 2624 fehlt
713 2594 750 2625 C.
784 2612 828 2615 —
862 2591 891 2625 2,
926 2592 946 2626 3
978 2595 1097 2625 Primo
1129 2595 1254 2626 deinde
1280 2595 1320 2625 E.
1347 2613 1384 2617 -—
1415 2594 1446 2629 ῑῑῖ,
1477 2595 1490 2626 1
1520 2597 1661 2627 Diserta

90 2650 191 2681 quem
219 2640 259 2671 E.
287 2657 332 2660 —
356 2638 396 2677 5,
434 2639 448 2670 l
481 2639 620 2670 roscido
648 2639 723 2670 DE.
751 2657 789 2660 —
817 2638 858 2676 ἵ),
892 2638 911 2670 ‘2
937 2641 1089 2681 repletus
1115 2640 1162 2672 E:
1198 2641 1353 2682 replente
1379 2642 1423 2673 D.
1449 2658 1491 2662 -
1517 2640 1548 2673 5,
1575 2643 1597 2672 4
1621 2641 1660 2672 Id

89 2690 128 2716 ut
151 2686 199 2725 133
231 2685 280 2716 Et
307 2689 345 2716 ut
368 2685 411 2717 E.
436 2702 481 2705 —
506 2682 536 2721 6,
563 2682 584 2715 3
611 2684 770 2716 Medetur
794 2685 911 2726 leprae
937 2686 978 2716 E.
1004 2703 1049 2706 ——
1074 2687 1126 2717 De
1147 2686 1292 2718 Villiers
1319 2686 1521 2718 bezeichnet
1547 2687 1660 2718 dieses

91 2730 179 2762 Lied
210 2731 263 2762 als
292 2730 422 2771 „Prosa
447 2730 488 2761 de
513 2730 594 2762 divo
612 2729 807 2764 Martino;“
835 2731 892 2761 die
917 2731 1164 2773 Bezeichnung
1188 2733 1235 2762 ist
1261 2732 1510 2769 unzutreffend,
1537 2732 1580 2762 da
1598 2731 1660 2762 das

91 2776 201 2808 Stuck
227 2777 284 2807 ein
310 2776 666 2818 metrischcgebauter
691 2777 851 2817 Hymnus
877 2777 933 2807 ist.
