1785 3111
777 48 1085 88 —164—

621 227 702 264 119.
737 227 794 269 (3.)
829 227 874 261 111
900 227 1081 262 Adventu
1105 227 1242 271 Regis.

451 335 488 374 1,
533 333 607 379 En,
639 333 748 370 adest
779 333 919 370 Caesar
949 332 1032 379 pius
1065 337 1102 369 et
1132 333 1327 383 benignus,

535 389 636 428 Orbe
667 391 730 436 qui
760 394 838 426 toto
869 390 1001 426 rutilat
1031 400 1208 426 coruscus

534 448 661 493 Atque
691 457 783 493 prae
815 447 958 483 eunctis
989 446 1158 484 bonitate
1188 447 1308 493 pollet

670 503 829 540 Munere
860 503 1014 542 Christi.

451 620 488 658 2.
537 618 718 664 Cernuus‚
753 617 934 663 prudens,
968 616 1132 663 sapiens,
1164 616 1369 665 modestus,

532 675 641 712 Mitis
674 678 711 710 et
743 674 918 722 clemens,
952 674 1170 710 moderatus
1203 677 1302 721 actu,

535 732 782 777 Temperans,
814 729 937 767 fortis.
970 730 1111 777 probus
1143 735 1179 766 et
1210 730 1403 776 honestus,

671 788 814 825 Censor
845 792 881 824 et
912 798 1065 834 aequus,

450 904 487 942 3.
536 902 609 939 Hic
641 902 754 938 decus
788 901 905 938 Iudae
936 901 1117 937 ecclesiae
1149 907 1333 948 paterque

534 959 652 996 Ornat
684 958 780 995 hane
810 958 944 994 sollers
977 962 1124 994 recreat
1156 956 1344 1004 fovetque,

534 1015 686 1059 Erudit,
720 1015 849 1063 munit,
886 1015 976 1051 colit
1004 1014 1233 1061 instruitque

670 1070 857 1119 Dogmate
887 1072 1005 1118 largo.

449 1188 487 1225 4.
536 1186 610 1222 Hic
641 1190 774 1231 potens
806 1185 921 1221 armis
953 1184 1114 1222 Domino
1147 1183 1300 1221 favente

536 1242 689 1279 Viribus
720 1247 849 1288 gentes
882 1242 1055 1287 reprimit
1084 1241 1279 1289 superbas,

534 1300 679 1337 Harum
711 1304 747 1335 et
779 1299 839 1335 hie
870 1298 992 1335 victor
1022 1298 1231 1345 subigendo
1264 1298 1385 1335 calcat-

671 1355 777 1393 Colla
806 1355 1057 1401 triumphans,

450 1472 486 1509 5.
535 1470 650 1507 Cuius
684 1469 869 1506 adventus
900 1469 1104 1505 miserante
1136 1468 1287 1506 Christo

531 1527 582 1564 Et
614 1527 737 1563 nitens
769 1526 927 1562 multum
959 1524 1075 1562 facies
1107 1530 1269 1574 serenat,

533 1583 676 1620 Civitas
708 1587 823 1619 temet
856 1583 1039 1629 populosa
1071 1593 1207 1628 nempe

667 1640 897 1678 Aurelianis.

447 1756 485 1793 6.
534 1754 633 1790 Hinc
664 1753 746 1790 Deo
777 1752 909 1789 laudes
941 1752 1042 1798 agita
1073 1761 1273 1798 perennes,

532 1810 645 1848 Cuius
677 1810 738 1846 bio
768 1815 861 1846 nutu
892 1809 1112 1855 properavit
1145 1809 1194 1845 ad
1223 1813 1271 1857 te,

531 1867 654 1903 Huius
686 1871 721 1902 et
753 1866 895 1902 vultum
927 1865 1075 1901 tibimet
1106 1864 1312 1901 videndum

668 1923 862 1969 Praebuit,
896 1933 993 1959 eece.

450 2038 485 2076 7.
531 2037 610 2074 Has
644 2040 753 2073 canat
786 2036 908 2072 clerus
943 2035 1053 2071 simul
1084 2035 1204 2071 omnis
1236 2039 1271 2071 et
1303 2034 1424 2085 plebs,

535 2094 612 2131 Has
644 2104 759 2130 senex
791 2098 931 2140 pangat
963 2103 1058 2140 puer
1085 2097 1198 2138 atque
1229 2103 1382 2138 parvus,

534 2151 684 2197 Pauper
715 2155 750 2186 et
784 2150 889 2186 dives
926 2149 1082 2186 reboent
1113 2152 1269 2185 ovantes

670 2208 828 2244 Pectore
860 2217 966 2252 puro.
1178 2206 1182 2209 ’

448 2321 484 2359 8.
532 2320 615 2357 Hoc
647 2320 782 2356 chorus
814 2319 906 2355 cleri
936 2318 1141 2365 populique
1172 2316 1284 2354 turba

533 2375 763 2423 Sapphicum
796 2386 946 2412 carmen
978 2375 1149 2412 recinens
1181 2378 1371 2424 precetur,

531 2433 608 2469 Des
640 2433 853 2469 Hludovico
884 2437 935 2481 ut,
969 2432 1084 2479 Deus,
1115 2431 1330 2478 imperandi

646 2490 832 2536 Tempora
864 2490 985 2536 longa.

448 2603 486 2641 9.
533 2602 762 2648 Prosperum
794 2602 957 2638 clemens
989 2600 1087 2638 ferat
1117 2610 1225 2638 omne
1256 2610 1417 2650 semper,

533 2659 656 2697 Pellat
687 2659 887 2695 adversum
919 2658 1052 2704 procul
1083 2662 1119 2693 et
1148 2656 1310 2703 repellat

532 2715 654 2752 Huius
684 2720 720 2751 et
753 2716 867 2752 vitam
899 2719 1050 2752 tueatur
1080 2724 1172 2751 aevo

669 2772 856 2818 Tempore
887 2772 1063 2810 clemens
