1785 3111
676 101 731 104 —
791 77 872 116 3:33
933 99 986 103 —

252 192 327 230 Sed
359 191 448 239 quia
477 195 602 228 mente
633 191 725 228 colis
757 191 962 237 Christum,
995 202 1103 238 quem
1136 191 1286 228 nomine
1317 190 1463 237 prodis,

310 250 353 286 ln
385 247 513 296 fragili
544 259 636 285 sexu
667 247 778 285 fortis
808 248 907 285 inest
938 248 1096 285 animus.

254 305 423 343 Caelitus
453 305 560 352 igniti
591 304 763 351 frigescit
794 305 946 343 flamma
977 305 1127 351 camini,

312 362 530 409 Virgineum
564 372 700 408 corpus
733 373 804 398 non
838 363 976 398 retinet
1008 362 1176 408 pelagus,

165 419 214 457 15
258 418 344 456 Non
376 424 471 467 rota,
505 429 579 455 non
611 417 768 463 ferrum,
800 430 874 455 non
904 418 1053 464 spicula
1084 418 1186 454 mille
1219 416 1409 454 furentum

311 476 515 512 Immutant
548 476 724 525 animum,
759 476 865 521 virgo
894 475 1016 521 beata,
1048 480 1166 512 tuum.

254 532 446 579 Virgineis
477 532 654 580 precibus
685 532 831 568 iuvenis
865 532 912 569 de
943 536 1063 568 morte
1096 542 1294 578 resurgens

309 589 491 626 Aetherei
523 589 622 635 regis
654 589 831 625 subditur
860 589 1043 635 imperiis.

253 645 352 692 Quid
386 646 531 683 Iuliane
562 645 690 683 facis?
722 645 826 692 quid,
861 657 994 682 censor
1024 645 1163 691 inique,
1196 643 1384 681 moraris?

170 703 222 741 20
321 703 455 740 Victus
488 713 538 751 es,
570 708 609 739 ut
642 702 764 747 video,
798 707 952 748 pectore
984 700 1158 739 femineo,

255 760 411 806 Perfice,
446 760 545 806 quod
578 764 709 806 restat,
741 763 858 805 tenta,
892 759 991 805 quod
1026 759 1155 795 durius
1187 761 1325 802 exstat⁷

311 816 397 853 Non
428 822 549 852 cesset
578 815 723 861 feritas,
756 827 830 852 non
862 820 971 851 vacet
1001 815 1189 863 impietas,

253 872 376 910 Aufer
405 873 530 910 adhuc
559 873 738 919 linguam,
771 872 896 921 miser,
927 870 1035 908 aufer
1064 877 1263 918 utramque
1293 869 1501 913 mamillam,

312 930 386 967 Sed
419 931 449 966 si
480 941 554 966 non
585 929 764 975 loquitur,
796 934 921 965 mente
953 929 1033 965 Deo
1066 927 1220 966 fruitur.

164 988 215 1024 25
258 986 337 1024 Nos
369 986 439 1023 tibi
471 986 701 1032 commiSSOS,
735 986 940 1033 Christina,
973 986 1146 1032 piissima
1178 986 1298 1032 virgo,

310 1043 473 1090 Protege
503 1043 711 1090 perpetuis,
744 1043 946 1090 poscimus,
978 1043 1146 1080 auxiliis.

254 1098 401 1139 Affiuat
431 1100 469 1136 in
502 1100 610 1136 nobis
642 1100 787 1136 aeterni
818 1111 951 1136 munus
983 1100 1135 1146 amoris,

310 1158 428 1204 Quam
461 1157 566 1205 colis,
599 1156 648 1194 ad
679 1157 843 1203 patriam
872 1167 965 1204 grex
996 1161 1081 1192 tuus
1113 1160 1153 1192 ut
1186 1156 1324 1193 veniat.

141 1268 363 1310 Martinengo
389 1269 411 1300 l.
437 1280 463 1299 c.
492 1280 523 1309 p.
553 1267 626 1300 170.
653 1285 695 1289 —
723 1269 783 1307 „In
809 1265 973 1299 eandem⁶⁴
999 1266 1074 1308 (sel.
1100 1266 1336 1305 Christinam).

490 1482 573 1518 259.
611 1483 669 1524 (5.)
704 1483 762 1517 De
791 1483 933 1518 sancta
957 1482 1188 1517 Katharina

381 1610 533 1648 Laudes
564 1620 637 1647 non
669 1611 797 1658 pigeat
826 1621 1000 1657 promere
1032 1611 1218 1659 cantibus,

383 1668 483 1714 Quas
515 1668 620 1714 virgo
652 1669 800 1713 meruit,
834 1679 903 1704 nec
934 1669 1079 1704 meritis
1109 1679 1232 1714 pareS.

384 1725 538 1763 Candor
568 1725 771 1773 virgineus,
804 1725 1033 1771 praecipuus
1063 1725 1176 1772 nitor,

384 1782 463 1827 Quo
495 1780 601 1818 fulsit
633 1782 797 1828 sapiens,
831 1786 867 1818 et
898 1782 1048 1819 stabilis
1081 1783 1188 1819 valor

316 1841 338 1877 5
385 1839 532 1876 Extolli
563 1838 684 1875 titulis
714 1839 796 1875 iure
828 1843 961 1885 petunt
992 1839 1112 1886 novis,

385 1896 575 1932 Virtutum
607 1906 796 1941 numerus,
829 1907 901 1942 quo
934 1896 1051 1944 viguit
1082 1896 1189 1933 brevi

383 1952 467 1989 Hoc
497 1952 597 1989 vitae
628 1954 752 2000 spatio
784 1953 852 1989 sub
885 1952 1013 1999 fragili
1045 1957 1159 2001 statu,

383 2009 584 2046 Extollens
616 2009 845 2046 Catharinae
876 2011 1026 2046 niveum
1061 2010 1187 2057 decus,

384 2067 489 2111 Quod
523 2077 596 2102 non
629 2066 839 2103 dilacerent
870 2067 1033 2113 plurima
1065 2066 1278 2112 commoda,

293 2124 343 2162 10
389 2123 475 2160 Non
505 2123 617 2160 tollat
647 2123 806 2171 species,
841 2123 984 2160 divitiis
1018 2124 1142 2173 cadat,

386 2179 506 2217 Sexus
538 2178 690 2216 feminei
722 2180 843 2217 libera
874 2181 1012 2226 portio.

387 2236 553 2274 Grandis
584 2236 653 2272 sub
685 2241 838 2273 tenerae
869 2237 950 2273 visa
980 2237 1140 2274 scientia

385 2295 538 2330 Arcano
569 2293 715 2330 iuvenis
746 2294 863 2330 multa
893 2294 1112 2341 scientibus,

386 2350 485 2387 Dum
516 2348 665 2397 profert
694 2349 782 2386 fidei
815 2351 975 2397 mystica
1008 2352 1196 2397 dogmata,

292 2409 341 2446 15
392 2407 475 2443 Non
504 2404 620 2442 infert
653 2407 796 2453 aliquid
828 2408 979 2444 conscia
1008 2408 1132 2444 contio

390 2463 566 2499 Victricis
598 2463 765 2500 retinens
797 2464 938 2500 lumina
972 2463 1141 2510 fulgidae

389 2520 671 2566 Perdentesque
702 2521 845 2557 animas
876 2521 1074 2558 inveniunt
1105 2532 1180 2559 eas.

388 2577 591 2614 Excellens
624 2575 750 2623 fragili
782 2577 898 2614 robur
928 2578 966 2614 in
998 2578 1135 2615 arbore

387 2634 561 2680 Experta
593 2638 661 2676 est,
695 2634 860 2679 regimen
891 2645 987 2680 quae
1016 2635 1148 2684 tenuit,
1181 2646 1325 2679 manuS,

293 2693 345 2729 20
392 2691 490 2727 Dum
523 2691 649 2737 pulsat
681 2691 870 2738 precibus,
904 2692 991 2727 dum
1024 2690 1133 2728 furiis
1165 2691 1289 2728 minax

393 2747 553 2785 Carnem
589 2747 801 2783 dilacerans
833 2748 901 2784 sub
934 2748 1102 2785 tenebris
1132 2749 1242 2793 locat,

391 2803 444 2842 Ut
475 2803 638 2849 demptis
671 2804 830 2850 dapibus
862 2805 1089 2851 praecipitet
1120 2805 1214 2843 neci.
