1785 3111
705 93 760 96 —
819 69 899 109 407
960 93 1015 96 —

426 237 508 274 317.
545 238 604 281 (4.)
640 238 698 272 De
724 237 867 273 sancta
894 237 1024 273 Maria
1049 236 1304 280 Magdalena.

729 309 770 339 In
795 307 988 339 Laudibus.

125 404 162 442 1.
194 403 246 441 Et
276 402 434 439 miseras
465 405 501 438 et
530 401 689 438 miseros
941 403 976 439 4.
1010 400 1114 437 Haec
1145 399 1297 436 subdita
1331 399 1540 436 daemoniis

195 460 316 497 Vocat
347 459 451 496 Deus
482 458 699 495 misericors
1015 458 1143 503 Atque
1176 456 1307 493 dedita
1339 456 1441 493 vitiis

193 516 332 555 Omnes
364 515 414 553 ad
445 515 720 562 paenitentiam
1013 514 1048 550 A
1079 518 1117 549 te
1147 513 1254 559 prius
1286 513 1461 560 obtinuit,

193 573 245 611 Et
275 572 480 620 pollicetur
510 572 670 611 veniam.
1016 570 1209 617 Quidquid
1235 569 1305 606 tibi
1338 569 1521 610 exhibuit,

121 677 157 714 2.
191 675 441 722 contemptor
472 673 730 721 paenitentiae
945 674 982 711 5.
1014 673 1050 708 A
1081 675 1118 707 te
1150 671 1277 708 cordis
1309 671 1549 717 compunctio

201 731 310 769 Solus
344 737 400 768 est
431 741 568 779 expers
601 730 747 778 veniae,
1015 728 1066 764 Et
1099 728 1323 775 capillorum
1357 727 1473 764 tersio

197 789 338 826 Factor
368 787 664 837 misericordiae,
1014 784 1065 821 Et
1097 785 1236 831 pedum
1269 784 1453 821 osculatio

197 845 363 894 Christe,
395 845 516 882 nostri
546 843 742 881 miserere.
1015 841 1065 878 Et
1097 841 1277 888 unguenti
1309 840 1453 878 effusio.

125 949 162 989 3,
196 948 386 985 Immensa
417 950 482 984 tua
512 946 663 983 bonitas
945 946 982 983 6.
1016 944 1152 980 Totum
1184 947 1271 980 tuae
1300 943 1469 992 pietatis,

194 1004 342 1042 Mariae
374 1003 480 1041 dedit
510 1003 701 1049 lacrimas,
1015 1001 1123 1048 Quod
1152 998 1241 1037 fecit
1263 1000 1357 1037 haec
1378 1011 1448 1048 pro
1471 1000 1649 1047 peccatis,

197 1062 272 1099 Per
302 1060 543 1098 lacrimarum
574 1058 730 1097 fluvium
1018 1058 1126 1104 Quod
1158 1068 1227 1104 pro
1259 1057 1398 1094 nostris
1431 1055 1625 1101 faciamus,

194 1118 361 1156 Fluxum
393 1117 591 1155 restrinxit
620 1116 830 1153 criminum.
1019 1115 1077 1152 Da
1108 1115 1182 1163 pie,
1215 1125 1262 1151 ne
1294 1124 1506 1161 pereamus.

568 1219 603 1256 7.
637 1217 718 1255 Deo
749 1217 851 1264 patri
882 1221 919 1253 et
950 1216 1041 1256 fili0.

637 1274 797 1321 Spiritui
826 1274 1014 1320 paraclito

638 1332 781 1380 Honor,
818 1331 936 1368 virtus
968 1334 1004 1367 et
1034 1330 1155 1377 gloria

638 1389 681 1425 In
713 1388 943 1434 sempiterna
975 1388 1139 1426 saecula.

174 1492 288 1533 Opera
326 1499 389 1522 ms.
423 1490 570 1523 Goffridi
603 1489 835 1521 Vindocinen.
875 1500 963 1521 saec.
1005 1486 1054 1520 12.
1115 1488 1198 1520 Cod.
1231 1487 1461 1519 Vindocinen.
1497 1484 1571 1518 193.
1608 1504 1653 1507 —

81 1537 245 1570 Sirmond
269 1537 293 1568 l.
319 1548 347 1568 c.
373 1533 439 1568 320
466 1546 515 1578 sq.
