1785 3111
689 49 1000 89 —383—

182 165 249 203 32.
297 163 460 211 Angele,
494 163 604 200 dulce
635 168 750 214 tuum,
783 165 875 201 mihi
907 165 962 201 sic
992 165 1171 211 impende
1200 166 1387 209 iuvamen,

294 221 449 258 Lustret
479 224 521 257 ut
550 221 788 267 omnipotens
820 232 889 268 per
917 226 954 258 te
985 232 1069 259 mea
1099 228 1256 269 pectora
1285 220 1421 259 flamen

295 277 550 324 Optatumque
579 277 671 313 mihi
702 277 845 315 tribuat
871 279 1007 315 mentis
1038 290 1277 327 renovamen,

297 333 584 381 Subjungatque
614 334 718 381 pium
751 335 860 382 plebs
891 336 1034 374 omnis:
1066 335 1155 372 Fiat
1181 341 1217 372 et
1247 337 1384 376 Amen.

161 456 305 489 Collect.
332 467 394 488 ms.
422 453 640 499 Tegurinum
667 468 756 489 saec.
786 456 836 490 12.
881 459 967 491 Clm.
992 459 1175 490 Monacen.
1208 457 1335 491 18580.
1361 460 1401 491 A.
1427 477 1471 481 —
1496 459 1639 491 Collect.

70 513 132 535 ms.
157 502 319 535 Roffense
351 512 441 534 saec.
471 500 522 533 12.
571 503 654 535 Cod.
681 504 851 535 Oxonien.
880 505 988 536 Laud.
1015 505 1163 536 Miscell.
1188 503 1242 536 40.
1269 507 1305 536 B.
1332 522 1376 526 —
1401 504 1544 537 Collect.
1575 515 1639 536 ms.

72 549 291 580 Burtonense
316 557 406 580 saec.
435 546 485 579 13.
527 549 610 580 Cod.
627 549 821 580 Londinen.
841 551 943 591 Vesp.
962 550 992 581 E
1010 550 1073 581 III.
1094 552 1131 581 C.
1150 568 1194 572 ——
1210 550 1354 582 Collect.
1374 560 1434 581 ms.
1454 550 1639 591 Anglicum

72 604 162 625 saec.
199 590 249 625 13.
300 593 382 625 Cod.
417 594 587 625 Oxonien.
621 595 731 626 Laud.
763 595 910 626 Miscell.
945 593 1018 627 500.
1051 596 1095 627 D.
1120 613 1164 617 —
1189 596 1332 628 Collect.
1366 606 1429 626 ms.
1454 595 1639 637 Anglicum

73 649 161 671 saec.
199 636 250 671 13.
298 639 382 670 Cod.
417 640 586 671 Oxonien.
622 641 738 682 Digby
768 639 819 672 65.
847 641 888 672 E.
914 657 957 661 —
983 641 1078 672 Orat.
1105 651 1167 672 ms.
1192 642 1405 682 Tegurinum
1432 642 1515 672 anni
1542 639 1640 673 1470.

75 685 161 717 Clm.
187 685 369 717 Monacen.
395 682 526 717 20021.
554 686 589 716 F.
615 703 658 707 —-
685 685 778 717 Orat.
806 697 868 717 ms.
895 686 928 717 S.
955 687 1050 718 Petri
1072 686 1312 728 Salisburgen.
1339 696 1430 717 saec.
1460 685 1509 717 15.
1555 687 1638 718 Cod.

71 730 202 762 Petrin.
228 740 249 761 a
273 731 323 761 IV
347 727 400 762 39.
427 731 467 762 G.

168 774 195 814 1,
222 773 243 806 2
269 786 379 814 serva,
405 776 559 813 defende,
583 777 741 818 guberna
764 776 895 808 ACFG.
924 794 968 797 —
992 774 1023 814 3,
1049 774 1070 808 3
1094 787 1165 808 non
1191 780 1228 807 ut
1252 780 1388 818 oportet
1405 776 1475 808 FG.
1501 794 1545 798 —
1570 775 1601 815 3,
1620 776 1642 808 4

75 821 251 853 Christum
276 831 393 863 prave.
420 822 460 853 D.
490 839 527 842 -—
556 820 586 859 4,
616 820 637 853 2
662 822 783 852 mortis
809 822 931 853 videns
958 822 984 853 F
1010 823 1050 854 G.
1077 840 1117 844 —
1145 821 1176 860 5,
1202 820 1223 853 2
1248 823 1321 853 Νο0
1345 833 1406 864 pro
1425 823 1471 861 B,
1497 822 1642 854 damner

72 877 282 908 pereamque
317 866 359 898 E.
386 884 428 888 —
453 865 491 905 6,
525 865 545 898 2
578 868 645 907 Qui
676 877 773 898 meus
805 877 841 899 es
874 867 1028 899 medicus
1062 867 1130 899 FG.
1157 886 1199 889 ⁷
1226 865 1264 905 6,
1298 866 1320 898 3
1344 869 1413 899 11151
1439 878 1539 899 cures
1564 878 1642 900 mea

71 913 228 953 peritura
253 912 387 944 ADFG.
415 930 459 933 ——
483 910 514 951 8,
540 910 561 944 3
587 913 734 944 satiatus
760 913 801 945 G.
827 931 871 935 ——
895 912 928 951 8,
951 912 973 944 4
998 917 1036 944 ut
1060 913 1147 945 fehlt
1164 914 1200 945 C.
1227 930 1269 934 —
1296 912 1363 944 Str.
1391 912 1409 944 9
1435 913 1522 945 fehlt
1538 914 1580 945 D.
1598 932 1643 935 —

72 955 102 992 9,
133 956 148 989 1
175 960 274 989 terna
298 958 382 989 mali
407 958 456 997 G3
482 959 611 990 terreni
636 958 719 989 mali
745 959 791 998 F,
818 969 872 990 me
897 959 983 990 fehlt
1009 959 1110 991 AFG.
1137 976 1178 979 —
1205 957 1236 997 9,
1262 956 1283 990 2
1309 960 1402 1000 rapit
1418 959 1643 991 vehementer

71 1003 114 1035 Ε.
139 1019 184 1024 -—
208 1001 238 1041 9,
264 1001 286 1034 4
310 1003 386 1034 Has
412 1013 493 1044 ergo
519 1004 628 1035 furias
646 1003 715 1035 FG.
734 1021 778 1025 -—
797 1001 849 1041 10,
874 1001 897 1034 4
922 1004 1092 1046 portenda
1110 1005 1148 1035 A.
1170 1024 1207 1027 -
1231 1003 1282 1043 11,
1312 1002 1327 1035 1
1354 1005 1491 1036 animae
1508 1005 1643 1036 confers

72 1046 205 1081 AssFG.
223 1065 266 1070 --
285 1047 338 1087 11,
364 1046 385 1079 2
409 1048 500 1080 hanc
525 1049 611 1080 fehlt
627 1049 665 1081 C.
684 1066 727 1070 —
748 1046 799 1087 12,
823 1048 845 1080 4
870 1051 937 1081 His
963 1060 1044 1091 ergo
1072 1050 1182 1091 pulsis
1201 1050 1270 1082 FG.
1288 1067 1332 1071 —
1352 1047 1404 1088 13,
1424 1048 1439 1081 1
1460 1060 1643 1092 precamur

72 1095 110 1126 B.
136 1110 180 1115 —
208 1091 258 1132 13,
290 1091 311 1125 2
337 1104 374 1125 50
398 1094 485 1126 fehlt
509 1090 615 1126 AFG.
645 1112 681 1115 —
714 1092 764 1133 14,
790 1093 812 1126 3
837 1095 923 1127 fehlt
948 1095 989 1127 E.
1015 1113 1058 1116 —
1088 1094 1137 1134 14,
1163 1094 1185 1126 4
1208 1096 1265 1127 Μο
1290 1096 1389 1127 iuves
1413 1096 1454 1127 Ε.
1484 1113 1525 1117 —
1554 1094 1640 1134 15,1

71 1140 126 1171 fac
154 1139 242 1171 fehlt
265 1137 374 1179 AFG3
406 1139 490 1171 fecis
525 1141 566 1171 D.
593 1157 631 1161 -
664 1138 723 1178 15,
755 1139 777 1171 4
807 1141 936 1172 livores
962 1141 1063 1173 AFG.
1090 1158 1135 1162 —
1162 1139 1221 1180 16,
1256 1139 1276 1172 2
1302 1140 1418 1180 Solve,
1444 1152 1548 1183 quam
1572 1152 1643 1173 non

74 1185 186 1224 valeo,
212 1195 274 1226 pro
300 1195 353 1216 me
379 1186 454 1217 Deo
479 1187 650 1217 rationem
674 1186 743 1218 FG.
770 1204 813 1208 -—
841 1184 892 1223 19,
919 1184 940 1217 2
966 1186 1107 1218 aethera
1132 1187 1268 1218 velator
1286 1187 1323 1218 B.
1349 1204 1394 1208 κ-
1420 1185 1471 1224 19,
1496 1185 1518 1218 4
1535 1187 1644 1219 Parce

74 1230 161 1262 mihi
186 1241 244 1262 reo
272 1231 312 1262 D.
339 1247 382 1252 —
409 1229 463 1266 20,
488 1229 509 1262 3
536 1232 767 1263 seminifestat
793 1232 828 1263 C.
850 1249 894 1253 -—
920 1230 974 1270 21,
1000 1231 1021 1264 3
1045 1243 1109 1264 nec
1135 1243 1221 1274 opus
1247 1232 1356 1271 AFG;
1383 1242 1466 1264 cura
1491 1232 1578 1264 fehlt
1594 1233 1641 1269 E;

74 1276 280 1308 medendum
306 1277 345 1307 B.
371 1294 416 1297 —-
441 1274 504 1315 21,
537 1275 559 1308 4
591 1277 686 1308 solus
722 1288 776 1315 es,
811 1288 847 1308 es
872 1278 959 1309 iiber
983 1278 1043 1309 der
1067 1279 1171 1309 Linie
1197 1279 1234 1310 C.
1262 1295 1306 1299 —-
1330 1276 1393 1315 22,
1426 1276 1448 1309 4
1480 1281 1643 1310 tormenti

74 1322 144 1354 FG.
168 1339 213 1343 —
238 1319 298 1360 23,
334 1318 356 1353 3
387 1322 477 1353 bone
502 1322 623 1363 korrig
648 1323 684 1353 in
714 1323 796 1354 boni
821 1323 862 1354 E.
889 1340 933 1344 —-
958 1321 1011 1361 23,
1037 1321 1059 1354 4
1084 1334 1160 1355 sum
1186 1323 1221 1354 F.
1248 1341 1292 1344 —-
1317 1321 1378 1361 24,
1412 1321 1433 1354 2
1466 1324 1643 1366 sartagine

74 1367 167 1408 fingo
185 1367 225 1398 B.
249 1386 293 1390 —-
318 1365 372 1405 24,
397 1366 420 1398 4
443 1368 501 1399 Me
527 1369 610 1399 iuva
635 1379 697 1410 per
714 1368 817 1400 AFG.
843 1386 886 1390 —-
912 1369 979 1401 Str.
1005 1367 1047 1400 25
1073 1369 1160 1400 fehlt
1175 1370 1218 1400 D.
1239 1386 1275 1389 —
1298 1366 1352 1407 27,
1377 1366 1399 1399 4
1424 1369 1510 1400 haec
1527 1372 1643 1401 tamen

75 1414 122 1450 1⁴¹2
158 1412 244 1444 haec
269 1416 307 1444 tu
332 1414 491 1455 quamvis
517 1413 557 1445 G.
584 1431 626 1434 —
653 1412 706 1451 28,
732 1412 754 1445 4
778 1424 939 1446 excessus
965 1415 1034 1447 FG.
1061 1432 1105 1436 —
1130 1412 1191 1452 29,
1221 1412 1235 1445 1
1264 1425 1317 1446 1110
1343 1415 1478 1456 respice
1503 1415 1571 1447 FG.
1599 1434 1641 1438 ——

75 1456 130 1496 30,
158 1456 174 1489 1
201 1469 288 1500 quos
313 1459 445 1501 fugiam
472 1460 523 1498 D,
549 1461 726 1491 contraria
751 1460 838 1500 legis
864 1460 965 1492 AFG.
991 1476 1034 1481 —
1060 1457 1113 1498 30,
1139 1457 1159 1491 2
1185 1459 1372 1491 recidenda
1398 1461 1509 1501 poetis
1535 1461 1574 1492 C.
1598 1478 1642 1482 —

72 1500 190 1581 30³4ss
215 1504 285 1535 Vix
310 1507 348 1535 ut
374 1514 438 1545 ego
462 1504 532 1537 FG.
560 1523 595 1526 —
626 1502 687 1543 31,
722 1503 742 1536 2
775 1505 961 1547 Invidique
987 1506 1030 1536 D.
1057 1524 1099 1528 -—
1124 1503 1187 1544 32,
1221 1503 1241 1537 3
1272 1506 1509 1547 Aptatumque
1534 1506 1572 1538 C.
1598 1523 1641 1528 —-

96 1547 126 1583 2.
198 1552 232 1581 et
255 1549 343 1581 fehlt
365 1550 408 1582 G.
432 1566 476 1571 —

165 1594 374 1626 Aufsehrift:
407 1596 663 1635 Quaterniones
689 1595 820 1627 Malchi
852 1595 894 1627 ad
929 1596 1090 1638 angelum
1118 1606 1216 1627 suum
1243 1596 1321 1636 AB,
1351 1597 1573 1629 Tetrasticon
1598 1598 1641 1629 ad

76 1644 231 1672 sanctum
259 1641 420 1682 angelum
446 1641 496 1681 D,
523 1641 742 1672 Tetrasticon
767 1641 897 1672 Malchi
923 1641 962 1672 E.
991 1660 1031 1664 —
1059 1643 1144 1673 Drei
1162 1642 1335 1683 Strophen
1360 1642 1473 1675 dieses
1491 1643 1640 1675 Gebetes

73 1684 116 1725 (l.
149 1683 181 1718 3.
215 1684 248 1726 2)
278 1686 399 1718 stehen
432 1686 521 1717 auch
554 1687 591 1717 in
616 1687 702 1719 Clm.
728 1687 910 1718 Monacen.
943 1687 1001 1722 (ol.
1027 1687 1196 1727 Schiren.)
1231 1686 1346 1720 17466
1380 1698 1469 1720 saec.
1506 1687 1556 1720 15.
1583 1689 1646 1720 auf

75 1732 187 1763 einem
212 1731 470 1764 Vorsetzblatte
496 1742 586 1764 saec.
615 1731 665 1764 14.
693 1733 798 1763 sowie
824 1733 859 1763 in
885 1732 968 1764 Cod.
996 1733 1126 1764 Petrin.
1152 1742 1173 1764 a
1197 1734 1247 1764 IV
1271 1730 1315 1765 38
1340 1744 1429 1765 saec.
1460 1732 1510 1765 15.
1552 1735 1646 1766 Fiinf

75 1776 248 1820 Strophen
271 1776 316 1817 (1.
341 1775 372 1808 2.
398 1774 428 1809 3.
455 1775 487 1808 4.
513 1776 557 1817 5.)
580 1777 695 1809 finden
721 1777 795 1809 sich
821 1779 857 1809 in
882 1778 943 1809 der
967 1778 1098 1819 Prager
1122 1779 1187 1809 Hs.
1213 1779 1300 1810 XIII
1326 1779 1356 1810 E
1382 1777 1403 1811 3
1428 1790 1518 1811 saec..
1543 1777 1585 1811 14

356 1979 438 2016 294.
475 1979 532 2023 (8.)
567 1980 731 2024 Epodon
756 1980 971 2023 Reginaldi
996 1989 1117 2025 super
1142 1981 1358 2017 Malchum.

79 2099 116 2138 1.
163 2098 280 2135 Pater
308 2096 426 2143 Deus,
460 2095 583 2134 factor
612 2107 729 2144 meus,
896 2100 934 2137 3.
984 2099 1100 2143 Quem
1132 2096 1301 2134 foedavit
1333 2102 1370 2134 et
1401 2099 1574 2145 gravavit

215 2154 359 2200 Regum
393 2164 460 2190 rex
492 2157 528 2190 et
558 2153 733 2201 Domine,
1037 2155 1161 2192 Multa-
1190 2154 1295 2191 labes
1327 2154 1525 2204 scelerum,

157 2210 212 2248 Te
243 2221 326 2247 cum
360 2215 450 2248 nato
481 2210 665 2261 increato,
980 2211 1062 2248 Tua
1091 2222 1236 2259 manus,
1268 2216 1310 2248 ut
1340 2211 1409 2247 sim
1441 2222 1566 2262 sanus,

213 2267 268 2305 Te
299 2278 383 2303 cum
415 2272 546 2304 sancto
576 2266 729 2304 flamine
1036 2268 1102 2305 Me
1133 2267 1321 2304 confortet
1351 2267 1542 2316 miserum,

161 2323 331 2371 Supplex
364 2335 429 2361 oro
461 2329 498 2360 et
528 2324 658 2371 adoro,
980 2325 1060 2371 Ope
1091 2330 1155 2361 tua
1185 2325 1266 2361 lues
1296 2336 1365 2362 sua

214 2381 324 2418 Licet
352 2391 506 2427 pressus
541 2380 711 2420 crimine.
1035 2382 1254 2419 Medicatur
1284 2383 1495 2420 vulnerum.

80 2496 117 2532 2.
164 2494 391 2532 Assistentis
424 2499 459 2530 et
490 2494 680 2531 credentis
894 2497 932 2533 4.
981 2494 1098 2540 Quam
1130 2494 1279 2531 tinxisti
1310 2499 1347 2531 et
1377 2495 1504 2532 lavisti

220 2551 310 2587 Pius
341 2550 427 2588 fave
458 2550 647 2599 precibus,
1035 2549 1256 2598 Insignitam
1286 2552 1407 2588 titulis

165 2607 230 2644 Me
261 2608 468 2644 clementer
497 2619 542 2644 ac
571 2612 747 2655 potenter
980 2608 1103 2645 Semel
1138 2620 1245 2645 sacro
1275 2609 1314 2645 in
1344 2609 1510 2657 lavacro,

217 2664 333 2701 Duris
365 2665 469 2701 solve
499 2665 670 2714 nexibus,
1037 2665 1203 2701 Mentem
1235 2665 1322 2702 lava
1352 2665 1521 2715 maculis,

168 2720 310 2766 Quibus
340 2721 439 2768 ligor
469 2727 506 2758 et
536 2720 686 2768 affligor
980 2722 1036 2758 Sit
1067 2721 1197 2759 abluta
1229 2726 1264 2758 et
1296 2722 1418 2760 soluta

214 2777 326 2814 Miris
362 2778 606 2818 cruciatibus,
1035 2780 1069 2815 A
1100 2779 1247 2825 peccati
1279 2778 1451 2818 vinculis.
