1785 3111
340 197 407 235 25.

343 469 409 506 26.

342 739 407 778 27.

347 1011 414 1051 28.

345 1285 411 1323 29.

346 1557 413 1597 30.

348 1830 414 1869 31.

348 2103 414 2141 32.

348 2374 414 2413 33.

763 80 1074 120 -130-

454 195 628 232 Herodes
658 194 779 241 magis
809 194 906 231 elam
937 195 1081 231 vocatis
1112 195 1306 241 inquiens:

452 253 522 299 Ite,
553 251 695 299 videte,
729 251 792 287 ubi
825 255 902 297 est3
935 252 1133 299 recurrite,

452 307 609 346 Referte
639 308 743 354 mihi,
776 311 816 344 ut
848 311 885 344 et
916 319 982 354 ego
1014 309 1168 345 veniens

670 365 839 402 Adorem
871 364 966 405 eu'm,

456 466 600 513 Vulpes
632 467 818 513 Herodes,
853 477 919 503 cur
949 467 1070 504 cauda
1102 467 1317 505 dissimulas

454 524 641 561 Praedam
674 529 840 572 captare,
871 524 932 569 qui
965 523 1117 560 belvino
1147 527 1299 570 gutture

456 580 684 627 Sanguinem
717 581 812 628 sitis,
844 581 932 628 agni
964 591 1096 616 carnes
1126 580 1260 628 esuris,

669 638 777 684 Lupe
809 636 1004 674 crudelis?

452 738 539 775 Non
570 739 674 775 vales
706 742 808 775 tuam
840 740 980 776 satiare
1010 739 1167 787 rabiem,

457 795 541 832 Non
571 806 689 842 agnus
719 795 786 832 ille
817 796 1018 843 singularis
1049 797 1230 846 moritur3

456 852 567 899 Nam⁷
600 852 707 897 velis,
740 852 851 899 nolis,
883 855 966 899 ipse
997 864 1064 891 rex
1096 858 1153 890 est
1185 854 1317 898 Israel,

671 909 809 946 Rerum
843 914 1002 948 creator.

460 1011 562 1048 Mori
594 1011 773 1058 dignatur
803 1012 878 1049 alio
909 1012 947 1048 in
978 1016 1160 1061 tempore,

457 1068 615 1113 Quando
649 1068 695 1104 de
725 1079 836 1105 cruce
867 1069 1025 1116 pretiosi
1058 1068 1200 1106 fuderit

457 1125 660 1175 Sanguinis
693 1126 845 1173 undam,
878 1136 974 1172 quae
1005 1125 1136 1162 mundi
1167 1124 1367 1163 mortifera

672 1182 838 1220 Crimina
868 1183 990 1220 tollat.

459 1284 559 1329 Quid
590 1282 732 1328 fremis,
765 1284 914 1331 pestis?
948 1285 1020 1321 iste
1049 1294 1115 1321 rex
1147 1284 1386 1330 omnipotens

457 1340 542 1377 Non
573 1342 721 1387 quaerit
753 1347 857 1378 tuum
891 1352 1073 1389 regnum3
1107 1341 1177 1377 tibi
1208 1344 1359 1388 poterat

457 1397 610 1434 Donare
642 1410 762 1443 suum,
796 1400 826 1435 si
859 1410 933 1435 non
965 1408 1066 1435 esses
1098 1397 1279 1444 perfidus,

672 1455 795 1493 Valde
826 1455 1026 1502 superbus.

461 1558 561 1602 Quos
591 1557 771 1604 iugulasti
802 1562 953 1594 teneros
985 1557 1178 1604 agniculos

459 1614 767 1662 Sanguinolento,
799 1615 1012 1663 maledicte,
1047 1613 1186 1660 gladio.

458 1670 639 1708 Ablactat
671 1672 776 1708 vivos
808 1672 846 1708 in
879 1671 970 1708 ovili
1001 1670 1157 1717 proprio

674 1728 811 1765 Pastor
841 1728 1039 1775 benignus.

460 1829 605 1866 Euntes
636 1829 747 1876 magi,
781 1830 892 1867 stella
922 1840 1019 1866 nova
1050 1828 1204 1875 praevia

459 1887 539 1923 Hos
570 1887 838 1935 praecedebat,
879 1887 998 1923 donec
1031 1885 1146 1931 venit,
1179 1888 1348 1935 steterat,

459 1943 534 1981 Ubi
567 1948 657 1980 tunc
688 1954 782 1990 puer
813 1948 896 1980 erat
926 1944 964 1979 in
997 1942 1207 1988 cunabulis,

674 2001 909 2047 Redemptor
939 2000 1054 2039 orbis.

461 2102 490 2139 Ο
522 2113 633 2148 quam
661 2103 846 2149 pervalde
875 2112 1010 2148 magno
1041 2101 1140 2147 magi
1171 2099 1309 2147 gaudio

460 2157 648 2198 Videntes
680 2160 830 2196 stellam
864 2165 949 2196 sunt
981 2158 1122 2205 gavisi!
1157 2156 1331 2204 protinus

459 2216 653 2253 Intrantes
686 2217 835 2253 domum
866 2216 1091 2253 invenerunt
1125 2224 1294 2262 puerum,

676 2273 843 2319 Virginis
875 2273 1034 2319 prolem,

462 2374 531 2419 Qui
563 2375 815 2421 procedentes
848 2373 954 2410 flexis
987 2384 1068 2410 eum
1101 2372 1259 2421 genibus

460 2430 730 2468 Adoraverunt
761 2431 904 2477 apertis
938 2431 984 2467 de
1016 2430 1202 2466 thesauris

460 2488 617 2534 Aurum,
650 2492 723 2535 tus,
756 2499 920 2524 murram
952 2487 1172 2523 obtulerunt
1203 2485 1380 2532 Domino,

676 2545 769 2591 Regi
800 2545 966 2590 Deoque.

351 2634 417 2673 34.
464 2633 507 2670 In
538 2635 678 2671 somnis
712 2636 864 2682 Persae,
898 2645 944 2670 ne
976 2633 1158 2678 redirent,
1194 2632 1353 2669 caelitus

463 2689 557 2727 Sunt
587 2691 785 2737 admoniti,
819 2692 867 2728 ad
900 2690 1094 2728 Herodem
1126 2688 1339 2737 perfidum3

465 2746 578 2784 Suam
610 2748 753 2784 reversi
785 2752 871 2784 sunt
901 2747 1002 2784 viam
1034 2757 1104 2794 per
1133 2746 1246 2784 aliam

678 2805 720 2841 In
758 2805 961 2851 regionem.
