1785 3111
817 121 1097 161 -54-

264 240 301 277 3.
335 237 424 276 Sola
455 235 527 273 fuit
553 237 700 283 mulier,
733 236 857 282 patuit
888 247 961 282 qua
991 236 1104 273 ianua
1133 236 1223 283 leto,

386 294 448 342 Et,
483 305 556 340 qua
588 293 666 329 vita
697 292 809 339 redit,
842 293 923 329 sola.
954 291 1025 329 fuit
1056 293 1202 330 mulier.

263 398 299 434 4.
333 395 473 432 Frater
503 394 654 440 iniquus
687 397 781 439 erat,
813 394 953 430 iustum
984 395 1046 440 qui
1078 394 1242 441 perculit
1273 394 1374 438 olim,

387 452 600 488 Damnator
631 450 773 488 Christi
808 449 929 487 frater
959 451 1108 497 iniquus
1141 454 1235 487 erat.

258 558 294 594 5.
328 554 527 591 Transitus
559 553 624 589 ille
656 557 793 602 monet,
828 553 918 599 quid
950 553 1074 600 prima
1105 553 1232 589 amisit
1263 553 1381 600 origo,

386 610 485 656 Quid
518 614 676 646 ventura
707 614 856 656 parent,
890 610 1073 647 transitus
1103 610 1169 646 ille
1201 614 1340 648 monet.

259 714 297 751 6.
330 714 434 750 Area
462 713 611 749 levatur
642 712 762 760 aquiS‚
795 712 966 749 homines
995 717 1037 748 ut
1068 713 1250 758 perderet
1279 723 1438 760 aequor,

384 769 443 806 Ne
474 774 635 816 pereant
666 769 849 817 homines,
881 780 972 806 arca
1001 769 1150 806 levatur
1181 769 1301 816 aquis.

253 873 286 909 7.
323 871 449 917 Sume,
483 875 604 920 pater,
638 871 798 917 populos
829 882 899 917 pro
931 871 1008 909 nati
1051 871 1207 907 vulnere
1239 874 1414 917 cunctos3

381 928 475 966 Cum
510 928 631 965 tradis
662 928 867 977 Christum,
901 938 1018 971 sume,
1051 932 1172 974 pater,
1206 928 1381 974 populos,

256 1020 292 1057 8.
326 1019 464 1056 Hostia
495 1030 640 1056 summa
670 1019 793 1065 patris
824 1018 952 1056 tacitis
983 1019 1131 1066 signata
1162 1018 1306 1066 figuris,

382 1077 500 1122 Quam
533 1080 679 1113 reserat
711 1075 897 1122 Christus,
931 1076 1055 1112 hostia
1086 1087 1231 1112 summa
1261 1075 1395 1122 patris,

253 1169 289 1205 9.
324 1167 537 1216 Claudieat‚
572 1177 671 1214 eece,
707 1167 840 1203 videns
872 1167 1087 1213 Dominum,
1123 1168 1210 1204 dum
1240 1167 1452 1215 praevalet,
1484 1167 1617 1215 heres3

376 1225 529 1270 Aspera
561 1235 652 1270 gens
686 1223 877 1261 Christum
911 1224 1114 1270 claudicat,
1147 1234 1246 1272 ecce,
1280 1224 1425 1261 videns.

227 1314 293 1354 10.
324 1315 509 1362 Reppulit
539 1315 605 1352 ille
637 1314 774 1352 famem
807 1315 954 1352 venitus
988 1315 1144 1351 crimine
1176 1314 1350 1363 fratrum,

381 1372 569 1409 Vendit'us
602 1376 660 1408 est
692 1372 877 1417 Christus,
911 1372 1078 1419 reppulit
1110 1372 1174 1408 ille
1206 1370 1355 1409 famem.

226 1465 291 1502 11.
326 1462 491 1511 Perfide,
525 1463 640 1499 corde
671 1462 786 1510 peris,
821 1463 908 1499 dum
941 1467 1091 1499 vastant
1122 1463 1248 1499 omnia
1278 1462 1426 1510 plagae,

382 1519 481 1556 Dum
514 1524 664 1557 cessant
696 1519 844 1568 plagae,
877 1518 1037 1567 perfide,
1071 1519 1186 1556 corde
1216 1520 1331 1566 peris.

230 1613 294 1650 12.
327 1611 459 1658 Agnus
491 1611 538 1647 ab
571 1611 680 1648 hoste
712 1622 821 1648 sacer
852 1613 1045 1648 revocavit
1076 1611 1258 1657 sanguine
1289 1615 1430 1658 patres.

379 1668 568 1714 Sanguine
600 1678 743 1714 nosque
774 1666 893 1705 refert
924 1679 1042 1714 agnus
1072 1667 1119 1704 ab
1152 1668 1259 1704 hoste
1290 1678 1410 1707 sacer.

226 1759 290 1797 13.
323 1758 459 1796 Obruit
488 1759 591 1795 unda
623 1757 729 1795 nefas
761 1758 901 1806 populo
932 1758 1130 1805 gradiente
1161 1768 1231 1804 per
1261 1769 1416 1806 aequor,

382 1815 492 1852 Nune
523 1815 674 1862 populis
706 1815 837 1852 mundi
869 1815 995 1851 obruit
1025 1815 1127 1852 unda
1156 1813 1278 1854 nefas.

231 1907 293 1943 14.
323 1905 538 1943 Murmurat
568 1906 744 1952 impietas
773 1917 910 1942 manna
940 1905 1116 1942 veniente
1150 1904 1307 1952 refecta,

382 1962 494 2000 Panis
529 1963 639 1999 adest
671 1963 858 2012 Christus,
893 1967 1103 1999 murmurat
1133 1963 1322 2009 impietas,

228 2054 293 2090 15.
328 2052 440 2089 Plebs
474 2053 547 2089 sibi
581 2053 676 2090 dura
708 2059 819 2100 caput
853 2058 978 2089 terrae
1010 2053 1167 2089 cultoris
1198 2053 1369 2100 adoptat,

384 2109 570 2157 Abstulit,
603 2110 687 2156 heu,
722 2110 912 2148 Christum
945 2109 1055 2156 plebs
1086 2109 1159 2146 sibi
1192 2110 1287 2146 dura
1318 2113 1443 2156 caput.

232 2202 294 2238 16.
328 2200 407 2236 Lex
441 2200 547 2236 dedit
578 2200 757 2237 indicium
791 2201 930 2237 veteris
964 2201 1010 2237 de
1042 2200 1198 2236 crimine
1230 2210 1384 2250 poenae,

383 2258 564 2303 Quodque
592 2257 694 2293 salus
727 2257 866 2303 veniat,
898 2257 960 2294 lex
994 2257 1102 2294 dedit
1132 2256 1327 2295 indicium.

234 2348 297 2389 17,
331 2347 403 2395 En,
436 2347 535 2393 lapis
562 2348 753 2393 irriguus!
787 2348 938 2397 satiare,
972 2347 1180 2397 incredule,
1210 2345 1334 2383 fonte!

385 2404 455 2449 Qui
484 2403 675 2441 Christum
708 2404 903 2451 reprobas,
938 2415 996 2450 en,
1029 2404 1127 2451 lapis
1159 2404 1345 2450 irriguus!

234 2496 298 2533 18.
329 2495 510 2545 Carpitur
540 2495 626 2541 igne
657 2505 764 2531 sacro
796 2506 929 2531 munus
962 2498 1163 2541 votumque
1194 2494 1355 2543 piorum,

386 2550 575 2588 Seditiosa
603 2550 725 2587 tribus
754 2553 926 2598 carpitur
954 2552 1040 2598 igne
1071 2562 1191 2589 sacro,

233 2643 296 2680 19.
330 2642 461 2688 Regna
492 2641 604 2678 beata
634 2642 756 2687 patris
788 2642 882 2687 legis
915 2653 987 2678 non
1020 2641 1177 2687 contigit
1207 2641 1329 2687 heres,

385 2699 489 2735 Iesus
523 2698 717 2744 dispensat
750 2709 865 2745 regna
896 2698 1007 2735 beata
1037 2698 1170 2744 patris.

231 2791 298 2828 20.
332 2789 504 2826 Destruit
535 2799 623 2825 arca
654 2789 740 2834 Dei,
771 2800 896 2825 muros
930 2789 1016 2825 dum
1040 2789 1187 2837 circuit,
1221 2789 1390 2833 hoste1n;

386 2846 447 2882 Sic
480 2846 622 2882 hostem
656 2846 785 2882 mundi
818 2846 979 2882 destruit
1011 2856 1100 2882 arca
1130 2844 1215 2884 Dei.
