1785 3111
784 106 839 109 —
899 82 979 122 516
1041 104 1094 110 -

381 197 546 234 Auribus
579 208 667 242 ergo
698 197 783 243 piis,
817 197 934 233 oculis
966 197 1122 244 dignare
1151 198 1307 242 sereniS,

437 256 536 298 Quas
568 253 635 289 tibi
670 254 825 290 devotus
857 252 985 300 offero,
1018 254 1153 290 mentis
1185 265 1288 300 opes,

382 310 454 346 Illa
484 310 576 346 meis
607 310 751 347 aditum
784 311 905 355 pietas
936 314 999 346 tua
1030 311 1213 356 praebeat
1244 311 1292 348 ad
1325 315 1374 355 te,

437 367 540 411 Quae
570 377 758 412 nunquam
793 366 968 412 precibus
1000 367 1104 403 novit
1135 367 1267 403 abesse
1300 366 1384 413 piis.

300 424 347 461 15
383 423 487 460 Haec
519 423 604 459 illos
636 423 777 468 oculos,
810 423 894 459 illas
927 423 1016 459 mihi
1048 423 1219 470 porrigat
1248 434 1369 472 aures,

437 480 535 524 Quas
567 490 682 525 super
711 478 885 516 adflictos
916 490 1066 525 semper
1095 480 1234 516 habere
1266 480 1375 519 soleS.

385 536 457 573 Illa
488 546 577 572 suae
610 537 708 573 dono
741 536 966 582 dulcedinis,
998 536 1091 573 haec
1122 537 1210 573 mihi
1243 541 1330 573 vota

441 592 641 639 Coinpleat
671 592 843 638 hancque
873 593 965 628 mihi
997 593 1188 640 compluat
1218 593 1338 629 imbre
1367 592 1482 629 sitim.

380 649 485 686 Sicut
514 649 706 696 corporeis
736 649 854 685 merui
886 653 950 685 tua
980 649 1112 686 limina
1140 660 1210 696 per
1240 654 1289 697 te,

295 707 345 744 20
437 706 499 744 Sic
531 716 677 743 merear
707 705 868 752 pedibus
901 706 1026 742 cordis
1055 706 1162 743 adire
1192 706 1326 743 Deum.

379 763 435 801 Sit
472 763 621 809 requies
652 762 761 799 labor
791 763 873 811 iste,
907 762 956 798 sit
986 763 1080 799 haee
1111 763 1243 800 veniae
1274 763 1336 799 via
1367 762 1485 811 limes,

438 820 482 856 In
516 819 651 865 quibus
684 819 841 867 excessi,
875 819 964 856 lima
996 819 1045 856 sit
1076 820 1148 856 iste
1179 820 1281 857 mihi.

251 932 313 973 Ep.
342 932 435 963 xlv.
463 947 507 953 —
534 932 639 963 Sacro
668 932 854 962 conventui
881 932 1001 963 Sancti
1027 931 1176 973 Aegidii.
1204 948 1247 952 —
1276 931 1397 972 „Unde
1421 930 1540 962 laudes
1566 931 1719 962 eiusdem

158 974 285 1017 [sancti
307 974 460 1018 Aegidii]
479 978 514 1007 in
532 980 684 1008 extremo
704 978 858 1017 margine
876 979 1070 1018 praesentis
1089 979 1237 1018 paginae
1256 977 1549 1018 comprehendens
1568 977 1719 1008 breviter

160 1033 218 1054 eas
248 1026 281 1054 et
305 1023 471 1053 deliciose
497 1022 664 1063 depingit.
714 1023 866 1061 Quorum
893 1032 955 1063 ego
982 1022 1127 1053 frontem
1154 1022 1208 1053 his
1234 1022 1325 1063 apud
1344 1033 1421 1054 eum
1440 1022 1717 1063 supplicantibus

161 1068 278 1099 verbis
303 1069 463 1099 versibus
489 1066 690 1109 insignivi“.
718 1084 756 1087 —
786 1065 827 1099 10
851 1070 998 1099 constat.
1023 1083 1064 1089 —-

546 1268 548 1271 .
606 1223 688 1258 352.
726 1224 784 1265 (9.)
824 1224 882 1258 De
908 1224 1049 1259 sancto
1076 1224 1259 1266 Aegidio.

187 1332 220 1368 1.
268 1331 455 1376 Quantum
470 1329 902 1378 decet‚quantumvalet,
1005 1333 1042 1370 5.
1090 1330 1230 1366 Sanum
1262 1339 1375 1376 prece
1406 1328 1574 1375 pretiosa

267 1388 413 1433 Quanto
450 1386 517 1423 Dei
551 1387 631 1422 zelo
664 1387 760 1422 calet
1087 1386 1230 1424 Reddit
1261 1386 1396 1433 virum,
1428 1395 1537 1432 quem
1568 1386 1693 1422 virosa

325 1443 486 1479 Caterva
518 1442 697 1486 fidelium,
1143 1442 1396 1481 Consumebat
1426 1442 1565 1490 laesi03

266 1500 392 1546 Digna
424 1500 536 1536 laude
568 1504 779 1547 veneretur,
1087 1499 1206 1536 Solvit
1239 1500 1344 1537 clave
1374 1498 1559 1536 labiorum

267 1557 334 1595 Cui
373 1556 486 1603 (ligna
517 1557 598 1592 laus
631 1556 802 1604 debetur,
1086 1556 1134 1593 Et
1167 1556 1306 1592 virtute
1337 1555 1555 1592 meritorum

324 1613 482 1650 Beatum
512 1613 727 1659 Aegidium,
1141 1612 1301 1659 Captum
1333 1624 1354 1649 a
1387 1613 1594 1652 daemonio.

181 1727 217 1763 2.
266 1726 339 1763 Hic
367 1726 530 1762 Athenis
562 1726 742 1763 oriundus
1000 1729 1035 1766 6.
1082 1726 1225 1765 Christi
1260 1736 1370 1762 verus
1401 1725 1570 1762 imitator

263 1783 402 1819 Adhuc
432 1793 524 1818 aevo
556 1786 675 1829 tener,
708 1783 868 1819 mundus
1082 1783 1325 1828 Paupertatis
1356 1781 1397 1819 fit
1430 1786 1576 1818 amator

320 1840 353 1875 A
385 1838 516 1874 mundi
548 1839 717 1883 lascivia,
1136 1840 1185 1875 Et
1219 1839 1366 1875 relictis
1397 1838 1571 1875 omnibus

265 1895 367 1931 Vicit
398 1905 489 1940 opes
521 1895 736 1941 virtutibus,
1080 1896 1200 1933 Exsul
1233 1895 1326 1942 abit,
1357 1895 1458 1933 tollit
1490 1905 1654 1941 crucem,

266 1951 393 1988 Genus
427 1951 589 1987 excessit
620 1952 798 1997 moribus,
1080 1952 1230 1989 Mavult
1242 1952 1433 1989 Christum
1445 1951 1550 1998 sequi
1565 1951 1709 2000 ducem,

323 2011 496 2046 Aetatem
527 2007 696 2046 scientia.
1137 2009 1252 2054 Quam
1285 2017 1462 2054 praeesse
1495 2008 1666 2053 ducibus,

182 2123 217 2158 123.
265 2120 337 2156 Hic
371 2119 455 2156 fons
486 2120 615 2167 largae
646 2121 799 2167 pietatis
998 2122 1032 2160 7.
1079 2120 1266 2157 Praedam
1298 2121 1420 2157 ventis
1451 2124 1562 2167 atque
1593 2120 1687 2157 mari

265 2177 368 2223 Opus
400 2177 486 2222 piae
517 2177 706 2224 largitatis
1080 2177 1198 2214 Datos
1229 2177 1350 2213 munit
1379 2177 1536 2213 salutari

323 2233 488 2271 Primum
520 2245 609 2270 suae
641 2233 774 2271 tribuit
1136 2234 1294 2270 Precum
1326 2233 1632 2281 propugnacqu3

262 2290 487 2326 Sanctitatis
520 2296 794 2336 argumentum,
1078 2291 1154 2328 Dat
1185 2290 1344 2327 salutem
1379 2289 1582 2335 destitutis,

263 2346 367 2382 Dans
400 2357 516 2392 egeno
549 2348 825 2393 vestimentum,
1080 2348 1199 2393 Opem
1232 2346 1331 2383 vitae
1363 2346 1576 2383 constitutis

317 2403 396 2447 Quo
428 2413 468 2439 se
499 2403 616 2451 magis
648 2404 783 2442 induit.
1136 2403 1273 2440 Mortis
1305 2403 1343 2439 in
1374 2402 1546 2441 articulo,

175 2517 211 2552 4.
260 2514 311 2552 Ut
343 2520 579 2560 compararet
611 2516 802 2560 caelicani,
991 2518 1028 2555 8.
1074 2516 1268 2553 Arelatem
1300 2513 1574 2557 transfretavit,

258 2571 462 2607 Terrenam
498 2571 604 2607 dedit
634 2572 812 2617 tunicam,
882 2604 884 2606 .
1073 2573 1146 2609 Hic
1177 2583 1199 2608 a
1230 2570 1336 2607 febre
1368 2571 1559 2608 revocavit

315 2626 443 2675 Dedit,
475 2627 587 2662 immo
618 2628 811 2673 vendidit3
1128 2628 1266 2666 Filiam
1298 2627 1545 2673 Theocritae3

259 2683 363 2719 Emit
393 2684 490 2719 enim
523 2684 732 2730 largiendo,
1071 2684 1185 2721 Fines
1216 2683 1312 2730 petit
1344 2683 1629 2730 Nemausorum,

257 2740 363 2784 Quod
395 2749 508 2776 avare
539 2740 769 2785 possidendo
1073 2740 1296 2777 Gratuletur
1327 2750 1416 2786 gens
1448 2739 1631 2777 Gotorum

318 2795 464 2832 Primus
496 2796 605 2832 homo
636 2796 817 2842 perdidit.
1129 2797 1250 2834 Tanto
1283 2795 1373 2833 felix
1406 2795 1569 2842 hospite.
