1785 3111
802 45 1110 84 -322—

540 205 622 242 249.
662 206 720 248 (2.)
755 206 934 249 Hymnus
961 206 1007 240 de
1034 206 1170 240 Natali
1194 204 1371 241 Domini.

474 319 510 357 1.
560 317 589 355 Ο
622 318 726 354 salus
757 317 901 365 mundi,
935 322 1039 354 sator
1068 317 1248 359 universi.

559 373 648 411 Sola
682 385 768 422 spes
801 368 914 419 vitaeg
949 374 1063 411 decus
1095 385 1116 410 0
1146 384 1326 421 perenne,

559 430 722 468 Debitas
753 431 886 468 laudes
917 430 988 467 tibi
1019 441 1086 467 nos
1119 429 1285 467 ferentes

674 487 832 534 Suscipe
865 487 1043 525 clemens,

472 591 511 628 2.
565 589 636 635 Qui
667 590 796 626 volens
828 593 946 625 totum
980 599 1160 634 reparare
1191 589 1383 626 mundum.

557 646 730 684 Gratiam
762 645 867 682 miris
901 645 1054 682 dederis
1086 645 1257 693 habenis7

560 703 620 740 Ne
653 704 739 750 iugo
769 702 865 749 legis
896 707 1135 748 premeretur
1165 703 1286 739 omnis

674 760 879 797 Plasmatis
910 765 1029 798 aetas,

473 865 511 901 3.
556 863 664 900 Haec
695 872 809 908 agens
841 861 958 907 gratis
991 861 1074 898 viee
1106 861 1278 898 caritatis

559 920 636 956 Res
668 918 899 965 protoplasti
930 918 1114 955 miserans
1144 918 1282 955 levasti

558 976 611 1012 Et
641 985 817 1022 premens
849 975 1002 1012 tandem
1034 975 1246 1012 Leviathan
1281 985 1439 1022 anguem

677 1031 754 1068 Nos
787 1032 985 1071 revocasti,

474 1137 514 1173 4.
563 1134 659 1171 Nam
693 1140 932 1170 coaeternum
966 1134 1048 1183 tibi,
1081 1144 1237 1179 summe,
1269 1134 1426 1171 verbum

561 1191 688 1228 Prolis
720 1190 905 1227 humanae
933 1190 1096 1237 speciem
1130 1190 1292 1237 probare

560 1248 725 1285 Miseras
757 1247 853 1295 orbi,
886 1248 967 1284 sine
998 1246 1085 1284 labe
1114 1247 1225 1284 naevi

679 1304 832 1349 Virgine
864 1309 1065 1351 sumptam.

475 1410 512 1446 5.
560 1408 639 1444 Iam
673 1417 809 1443 novum
842 1407 967 1442 lumen
1001 1406 1114 1443 datur
1144 1406 1193 1443 ad
1226 1406 1399 1453 salutem,

560 1464 683 1501 Natus
716 1467 772 1499 est
803 1463 911 1500 nobis
944 1474 1061 1500 novus
1093 1468 1226 1500 auctor
1255 1462 1372 1508 orbis,

561 1520 753 1567 Splendor
784 1520 928 1557 aeterni
960 1520 1081 1566 patris
1111 1530 1157 1557 ac
1186 1520 1340 1566 superni

673 1578 751 1614 lam
785 1588 872 1614 earo
906 1575 1040 1614 factus

475 1681 514 1718 6.
561 1680 632 1717 Ille
663 1679 829 1726 signatas
860 1689 1033 1715 reserans
1065 1678 1204 1725 figuras

560 1736 672 1782 Legis
703 1736 886 1772 obscurae
919 1734 1082 1781 fideique
1113 1745 1231 1780 purae

561 1792 741 1829 Sensibus
772 1792 911 1828 nostris
944 1792 1065 1829 aderit
1099 1792 1276 1838 perennis

676 1849 748 1886 Pro
780 1849 1022 1887 renovandis.

477 1952 514 1989 7.
560 1950 675 1987 Nulla
707 1951 762 1987 vis
795 1950 902 1987 nobis
935 1956 1103 1987 remanet
1136 1951 1291 1998 doloris,

561 2008 682 2045 Filius
714 2008 847 2044 summi
880 2007 986 2053 vigor
1017 2013 1140 2044 exstat
1173 2008 1285 2057 omni,

561 2064 631 2110 Qui
663 2063 738 2100 fide
768 2075 862 2111 pura
895 2064 1075 2111 vigilique
1108 2075 1197 2102 cura

674 2121 805 2159 Credit
837 2121 874 2157 in
905 2121 1041 2167 ipsum.

476 2224 513 2262 8.
560 2223 662 2259 Hinc
693 2223 810 2259 melos
841 2223 970 2270 hymni
1003 2233 1220 2260 resonemus
1251 2224 1307 2260 illi

560 2279 731 2326 Supplici
765 2284 851 2316 voto
882 2279 1083 2326 studioque
1114 2284 1207 2326 toto,

562 2337 614 2375 Ut
647 2336 852 2372 coheredes
884 2336 1035 2372 sibimet
1068 2336 1199 2374 fideles

673 2393 929 2431 Inveniamur.

477 2496 514 2533 9.
562 2494 661 2531 Laus
693 2496 793 2542 patri
826 2506 969 2531 summo
1001 2496 1049 2531 sit
1082 2496 1276 2542 honorque
1308 2498 1410 2541 nato,

561 2552 759 2589 Pneumati
791 2557 922 2589 sancto
957 2552 1070 2588 decus
1101 2557 1215 2598 atque
1248 2552 1360 2597 doxa,

561 2608 630 2654 Qui
662 2618 816 2645 manens
849 2609 971 2646 trinus
1002 2609 1104 2645 Deus
1136 2613 1193 2645 est
1226 2615 1261 2645 et
1293 2619 1389 2645 unus

678 2665 835 2711 Semper
867 2665 1016 2712 ubique.

269 2782 381 2824 Opera
409 2785 543 2822 autogr.
569 2781 713 2813 Othloni
738 2782 992 2815 Emmeramen.
1019 2794 1107 2815 saec.
1136 2782 1186 2815 11.
1230 2784 1314 2814 Clm.
1341 2784 1522 2814 Monacen.
1557 2782 1680 2816 14756.
1698 2799 1742 2803 —-
