1785 3111
809 67 891 107 203

341 186 378 223 3.
424 183 536 222 Unde
566 192 666 219 nunc
695 192 877 228 praesens
907 182 982 229 pie,
1015 186 1052 218 te
1084 192 1270 229 rogamus,

424 239 593 277 Iudicem
625 239 753 286 pulses
784 238 961 286 precibus
994 238 1168 284 sacratis,

423 297 613 343 Quatenus
644 296 763 332 nostri
795 295 1011 333 miserando
1043 295 1208 333 clemens

613 352 671 390 Sit
700 362 844 389 memor
874 356 1015 393 auctor.

339 446 378 483 4.
426 443 575 490 Detque
607 455 673 480 nos
702 453 852 490 semper
882 443 955 480 sibi
987 443 1102 480 corde
1132 442 1230 480 fidos

426 500 587 538 Actibus
619 501 737 548 gratis
769 501 861 537 satis
891 504 928 536 et
959 500 1125 549 placere,

426 558 556 595 Omnis
588 562 623 594 et
655 568 777 594 noxae
810 557 957 594 veniam
988 557 1126 593 mereri

612 615 699 661 Ipse
731 614 962 660 redemptor.

340 710 378 745 5.
425 706 519 755 Hoc,
554 709 665 752 pater
695 709 836 750 sancte,
870 703 1046 751 precibus
1079 703 1182 740 beati

425 763 595 811 Adnuas‚
629 766 754 798 tecum
784 765 870 798 tuus
902 765 1015 807 atque
1048 764 1157 797 natus

426 820 559 857 Almus
591 823 628 855 et
658 817 768 855 flatus
799 817 957 865 tribnat,
990 828 1208 864 precamur,

613 875 752 912 Trinus
781 878 817 911 et
848 885 956 913 unus,

158 968 340 998 Browerus
365 975 398 1008 p.
424 964 486 1006 813
513 965 694 997 Diimmler
718 965 764 1003 ΙΙ,
791 962 869 997 252.

133 1090 213 1126 152.
249 1089 333 1132 (21.)
368 1090 544 1134 Hymnus
570 1089 618 1124 de
643 1088 797 1124 sanctis
823 1088 1064 1124 Marcellino
1092 1088 1132 1123 et
1159 1088 1283 1123 Petro
1311 1087 1576 1130 martyribus.

543 1173 592 1212 R.
638 1173 667 1211 O
701 1173 865 1209 victores
897 1172 1065 1219 gloriosi,

696 1229 755 1266 his
786 1233 896 1266 ovate
927 1229 1119 1269 laudibus,

85 1325 120 1363 1.
154 1323 285 1361 Claras
317 1322 451 1360 laudes
484 1332 528 1359 ac
561 1321 745 1369 salubres,

209 1390 336 1428 posco,
368 1377 520 1429 fratres,
555 1378 682 1425 dicite,

152 1438 252 1483 Quas
283 1434 459 1483 proferre
491 1435 591 1482 cogit
622 1440 709 1484 apte

205 1504 304 1530 nunc
335 1497 552 1530 sanctorum
584 1493 716 1539 gloria.

81 1588 117 1625 2.
153 1586 253 1631 Quos
285 1584 425 1621 virtute
456 1584 556 1630 regis
587 1583 677 1620 almi

209 1640 327 1678 fortes
358 1640 437 1677 vidi
468 1644 667 1689 martyres,

153 1698 402 1736 Marcellinus
433 1702 547 1744 atque
578 1699 713 1735 Petrus

208 1755 282 1792 iam
313 1754 484 1791 vicerunt
516 1755 720 1792 saeculum.

83 1849 123 1886 3.
155 1848 255 1894 Quos
286 1857 355 1883 arx
386 1845 489 1883 orbis
521 1849 558 1882 et
589 1845 731 1892 regina,

210 1904 332 1941 Roma
363 1903 554 1949 quondam
585 1902 759 1952 protulit,

157 1962 247 2007 Ipsa
277 1960 380 1996 misit
410 1961 459 1997 ad
491 1969 695 2006 supernum

213 2017 313 2064 regis
345 2016 487 2053 Christi
518 2016 665 2053 solium.

89 2110 127 2146 4.
158 2107 361 2145 Exorcista
392 2108 528 2145 Petrus
560 2113 696 2153 exstat.

214 2164 461 2201 Marcellinus
493 2164 706 2213 presbyter,

159 2221 313 2259 Plebem
344 2231 490 2259 sacram
522 2227 772 2258 convocantes

214 2277 325 2315 ambo
358 2278 508 2315 Christo
539 2283 785 2326 praeparant.

96 2371 130 2406 5.
163 2368 289 2407 Verbo
321 2373 453 2406 curant
484 2379 528 2405 ac
558 2369 747 2405 medelam

217 2426 340 2473 aegris
372 2425 559 2471 praebent
587 2425 757 2469 artubus,

160 2482 219 2519 Ex
249 2482 393 2519 insanis
426 2481 518 2519 foris
550 2487 681 2519 arcent

216 2538 290 2576 vim
323 2539 554 2576 horrendam
587 2539 794 2577 daemonis.

93 2631 130 2669 6.
162 2629 231 2676 Qui
262 2634 489 2679 torquentur
521 2630 619 2666 caesi
652 2628 794 2678 flagris,

225 2691 430 2723 exarantur
460 2686 660 2734 unguibus.

168 2742 294 2779 Vincti
323 2748 446 2780 taetro
479 2744 515 2779 hi
550 2743 692 2780 catenis

222 2796 471 2837 includuntur
501 2810 665 2849 carcere,

934 1323 968 1359 7.
1003 1321 1100 1358 Nam
1143 1321 1181 1357 in
1224 1320 1335 1367 cippo
1369 1320 1507 1356 Petrus
1541 1324 1637 1369 arto,

1059 1378 1307 1415 Marcellinus
1341 1376 1519 1413 crustulis

1000 1435 1132 1472 Fracti
1164 1434 1253 1470 vitri
1287 1433 1510 1471 decubando

1054 1496 1133 1528 toto
1164 1491 1288 1528 nudus
1321 1500 1494 1537 corpore.

932 1584 969 1623 8.
1002 1583 1125 1620 Iudex
1155 1586 1239 1619 ater
1269 1593 1361 1628 quos
1397 1581 1562 1619 Serenus

1060 1643 1181 1676 certat
1212 1639 1344 1685 poenis
1377 1639 1545 1686 vincere,

1001 1697 1063 1733 Illi
1095 1697 1229 1733 laudes
1262 1696 1375 1732 valde
1412 1696 1545 1743 dignas

1060 1753 1212 1791 Christo
1243 1752 1323 1800 regi
1355 1756 1580 1799 personant.

933 1847 970 1886 9.
1004 1845 1075 1891 Qui
1108 1845 1155 1881 de
1189 1844 1304 1881 caelis
1335 1844 1439 1880 misit
1474 1842 1566 1889 ipsis

1060 1912 1146 1938 mox
1178 1902 1344 1938 solamen
1378 1899 1518 1947 angeli⁷

1005 1960 1056 1998 Ut
1090 1959 1136 1995 de
1169 1958 1302 1995 vinclis
1333 1956 1503 2001 liberati,

1062 2026 1210 2062 quoquo
1240 2015 1393 2060 vellent,
1428 2018 1645 2061 pergerent.

910 2108 972 2145 10.
1008 2107 1086 2154 Ipsi
1119 2116 1208 2143 vero
1240 2105 1421 2155 roborati,

1064 2161 1269 2200 confortati
1301 2166 1489 2209 martyres

1006 2221 1094 2257 Post
1129 2231 1262 2256 sereno
1293 2219 1366 2256 iam
1400 2219 1524 2265 parati

1061 2277 1299 2323 praesentari
1332 2275 1527 2315 festinant.

913 2368 977 2407 11.
1010 2368 1115 2404 Tunc
1148 2367 1311 2404 Serenus
1341 2366 1581 2404 turbulentus

1068 2424 1180 2461 valde
1210 2424 1331 2460 iratus
1363 2423 1565 2471 praecipit,

1011 2481 1062 2518 Ut
1094 2482 1132 2517 in
1166 2481 1263 2517 silva
1293 2481 1406 2517 tracti
1439 2478 1541 2516 foras

1070 2541 1338 2574 truncarentur
1369 2537 1545 2575 candida.

918 2630 982 2667 12.
1017 2633 1097 2675 Quo
1128 2626 1291 2675 profecti
1326 2627 1561 2673 gratulantes

1073 2685 1173 2721 celsa
1204 2685 1391 2721 scandunt
1425 2684 1563 2723 sidera,

1018 2742 1166 2779 Laudes
1198 2741 1277 2778 illic
1309 2741 1559 2787 sempiternas

1075 2798 1224 2836 Christo
1258 2798 1387 2835 dicunt
1420 2796 1597 2843 principi.
