1785 3111
781 70 1093 111 —640—

156 187 249 225 115.
297 188 391 235 Ave,
429 190 551 222 mater
581 185 885 234 praevignorum‚

155 622 247 660 116.

149 1001 241 1040 117.

144 1381 239 1419 118.

150 1761 244 1799 119.

147 2134 243 2173 120.

152 2505 245 2543 12-1.

294 243 390 290 Ave,
423 242 538 279 bibax
567 242 779 280 divinorum

352 298 601 336 Fluentorum
633 298 802 346 spongia,

296 356 353 393 Tu
385 366 423 392 es
455 355 570 394 rubus
602 355 740 393 ardens
772 355 848 402 igni
915 359 919 362 ’

294 412 518 459 Iuventutis,
551 413 619 449 sed
648 411 786 458 insigni

351 468 465 506 Salva
496 469 694 516 pudicitia.

295 622 418 659 Ardet
444 622 480 658 in
514 626 551 659 te
582 622 708 659 calens
739 625 843 658 aetas

296 678 520 725 Iuventutis,
553 679 621 716 sed
652 683 692 716 tu
723 682 842 715 metas

351 735 539 772 Iuveniles
570 736 770 784 praeteris,

293 791 389 828 Nam
420 792 570 829 nativus
598 792 636 828 in
667 797 704 828 te
736 792 840 828 calor

290 848 459 895 Flagrat,
476 849 543 886 sed
557 853 593 885 te
605 849 731 885 nullus
741 848 896 895 squalor

348 905 501 942 Foedae
533 904 660 942 foedet
694 904 864 943 Veneris.

287 1002 383 1047 Ave,
418 1001 522 1038 cuius
553 1001 662 1038 lanae
691 1000 850 1039 floccum

287 1058 331 1095 In
363 1058 490 1105 regale
521 1058 635 1094 vertit
669 1068 833 1104 coccum,

343 1115 413 1161 Qui
444 1113 579 1151 floccat
610 1118 647 1150 et
678 1113 875 1165 fulminat3

286 1171 380 1217 Ave,
413 1181 482 1218 per
513 1182 624 1218 quam
655 1171 841 1218 spoliatur

286 1227 424 1264 Mortis
457 1238 586 1265 carcer
617 1231 654 1264 et
684 1228 715 1265 is
748 1228 871 1279 datur,

344 1284 415 1330 Qui
457 1288 616 1322 mortem
647 1285 888 1325 exterminat.

287 1381 382 1427 Ave,
416 1381 534 1427 virgo,
568 1381 654 1428 quia
685 1392 755 1428 per
785 1386 822 1417 te

288 1439 426 1476 Portae
458 1438 553 1475 caeli
588 1442 676 1474 sunt
706 1442 875 1486 apertae,

345 1495 418 1531 Per
449 1498 486 1530 te
518 1495 661 1531 caelum
693 1505 848 1532 aeneum

290 1551 497 1588 Emollitur
528 1556 563 1588 et
592 1551 777 1588 mollitum

289 1608 428 1645 Rorem
461 1608 588 1646 fundit
619 1608 859 1655 concupitum

309 1687 312 1691 Δ
346 1665 397 1702 Et
427 1665 620 1702 madorem
653 1665 840 1705 melleum.

293 1761 390 1804 Ave,
424 1771 519 1807 quae
549 1772 616 1797 nos
647 1772 669 1798 3
702 1761 878 1798 draconis

289 1817 517 1863 Imposturis
550 1822 586 1853 et
616 1818 735 1854 leonis

349 1873 495 1910 Eruisti
526 1873 650 1919 rabie3

288 1929 375 1966 Vivi
404 1930 512 1975 panis
542 1934 579 1966 te
611 1930 814 1967 canistrum

295 1985 525 2023 Confitemur
556 1990 591 2022 et
623 1986 823 2033 registrum

346 2042 477 2079 Totius
510 2043 704 2081 ecclesiae.

290 2133 385 2180 Ave,
418 2143 487 2179 per
518 2144 627 2179 quam
658 2132 701 2170 fit
730 2137 879 2170 creator

289 2189 495 2227 Creaturae
526 2190 771 2236 ministrator,

347 2246 529 2283 Dominus
557 2247 798 2293 mancipium,

290 2302 360 2340 Rei
391 2302 505 2340 iudex
537 2303 591 2339 rei
621 2304 738 2350 Iesus,

292 2358 437 2396 Rhetor
469 2359 612 2405 primus
636 2370 732 2406 puer
753 2359 892 2407 blesus,

351 2415 519 2452 Yerbum
551 2416 808 2464 participium.

291 2506 385 2551 Ave,
421 2506 537 2552 virgo,
572 2507 703 2543 mortis
735 2505 894 2556 frenum,

292 2562 463 2609 Plenum,
494 2562 606 2599 immo
628 2563 895 2611 superplenum

350 2619 460 2656 Vitae
491 2620 803 2668 promptuarium,

292 2675 388 2723 Ave,
420 2680 554 2720 mater,
586 2685 654 2712 arx
687 2675 845 2724 timenti,

295 2732 399 2777 Quae
432 2731 556 2768 vitalis
589 2742 626 2768 es
659 2730 838 2768 frumenti

350 2788 474 2824 Vitale
505 2787 732 2834 granarium.

976 186 1069 225 122.
1116 186 1212 235 Ave,
1248 197 1318 233 per
1348 197 1459 233 quam
1489 196 1589 222 mors
1619 197 1716 223 mor-

936 631 940 634 '
974 623 1066 662 123.

966 1003 1057 1043 124.

965 1383 1057 1422 125.

971 1762 1063 1801 126.

969 2133 1061 2173 127.

969 2507 1063 2545 128.

1448 242 1569 289 detur,

1117 300 1163 337 In
1194 311 1267 346 qua
1296 304 1377 337 tota
1404 299 1618 336 continetur

1171 357 1333 393 Annona
1363 355 1544 400 fidelium⁷

1114 414 1165 461 Is⁷
1197 413 1260 459 qui
1294 413 1418 450 caelos
1450 410 1663 461 fabricavit,

1114 469 1235 506 Tuum
1266 469 1338 506 sibi
1371 468 1563 506 dedicavit

1170 526 1350 563 Ventrale
1380 525 1576 572 palatium.

1113 624 1209 669 Ave,
1243 622 1359 669 virgo,
1375 618 1378 620 ’
1393 633 1488 669 quae
1519 621 1672 668 paventi

1113 680 1193 717 Pax
1226 690 1264 716 es
1296 683 1333 715 et
1364 677 1448 716 fons
1480 679 1636 723 sitienti,

1169 736 1296 774 Flenti
1328 734 1580 782 facitergium,

1110 793 1168 830 Tu
1200 793 1350 830 virtutis
1382 802 1421 829 es
1449 792 1674 839 exemplum,

1108 849 1181 886 Dei
1212 859 1342 896 penus,
1375 849 1448 885 Dei
1477 849 1660 895 templum

1162 905 1214 942 Et
1245 905 1569 953 gazophylacium.

1108 1003 1203 1048 Ave,
1236 1012 1306 1049 per
1336 1013 1446 1048 quam
1477 1001 1604 1038 insons
1627 1011 1712 1039 reus

1106 1059 1156 1097 Et
1178 1069 1247 1106 per
1268 1070 1377 1105 quam
1401 1058 1445 1095 fit
1461 1062 1590 1095 noster
1606 1058 1708 1095 Deus

1162 1116 1303 1152 Noster
1334 1117 1595 1162 convicaneus,

1104 1172 1178 1209 Per
1208 1176 1245 1208 te
1275 1182 1431 1219 magnus
1463 1171 1682 1215 minoratus,

1102 1228 1177 1265 Per
1207 1233 1244 1265 te
1274 1239 1375 1276 papa
1405 1227 1448 1264 fit
1477 1228 1634 1274 legatus,

1162 1285 1308 1323 Primas
1341 1283 1610 1331 suffraganeus.

1104 1383 1178 1420 Per
1209 1385 1246 1418 te
1277 1380 1319 1418 fit
1350 1381 1405 1418 sol
1441 1381 1671 1428 hypogaeus,

1103 1439 1203 1476 Dum
1236 1438 1283 1475 de
1315 1438 1418 1475 caelo
1448 1438 1577 1483 lapsus
1603 1437 1706 1474 Deus

1163 1495 1297 1533 Carnis
1327 1502 1415 1541 toga
1445 1494 1605 1541 tegitur3

1109 1552 1172 1589 Sic
1197 1551 1392 1601 noctescit,
1426 1551 1493 1588 sed
1514 1550 1712 1596 psalmista

1107 1608 1220 1645 Teste
1251 1608 1348 1645 sicut
1380 1607 1460 1644 dies
1487 1608 1561 1643 ista

1165 1665 1251 1702 Nox
1281 1664 1568 1701 illuminabitur.

1110 1761 1254 1808 Fulgor
1283 1760 1373 1797 solis
1404 1759 1606 1797 aeternalis

1109 1817 1257 1857 Umbra
1286 1816 1419 1864 glebae
1447 1816 1644 1863 virginalis

1167 1874 1362 1911 Involutus
1395 1873 1581 1917 conditur,

1108 1931 1224 1968 Nulla
1253 1934 1379 1967 tamen
1410 1930 1481 1967 hac
1511 1928 1656 1976 eclypsi

1106 1987 1355 2024 Pulchritudo
1386 1986 1446 2024 vel
1476 1986 1541 2023 lux
1572 1985 1647 2033 ipsi

1166 2043 1353 2090 Cynthiae
1385 2043 1609 2081 detrahitur.

1109 2134 1182 2171 Per
1213 2137 1249 2169 te
1280 2133 1338 2169 leo
1368 2132 1412 2169 fit
1441 2133 1624 2180 agnellus,

1106 2190 1330 2227 Dominator
1361 2189 1581 2226 domicellus

1163 2246 1214 2283 Et
1243 2246 1416 2292 antiquus
1448 2245 1580 2293 pusi03

1108 2303 1166 2340 Tu
1198 2303 1244 2340 de
1278 2302 1373 2339 colle
1404 2300 1497 2338 facis
1527 2301 1674 2348 callem,

1106 2359 1164 2397 De
1194 2363 1402 2406 praerupta
1421 2362 1547 2395 monte
1569 2357 1705 2395 vallem

1163 2416 1214 2453 Et
1244 2416 1343 2452 viam
1375 2426 1421 2452 ex
1451 2414 1566 2454 invio,

1110 2506 1174 2544 Sol
1204 2506 1242 2542 in
1274 2515 1382 2542 sacco
1414 2504 1648 2542 clanculatur

1108 2563 1159 2600 Et
1189 2562 1351 2600 ventrali
1381 2561 1589 2598 trutinatur

1161 2618 1312 2656 Statera
1343 2618 1534 2664 divinitas⁷

1108 2674 1251 2712 Lumen
1279 2675 1368 2711 limo
1399 2676 1644 2721 temperatur,

1109 2731 1261 2768 Deitate
1292 2731 1494 2777 penulatur

1163 2787 1339 2824 Mortalis
1369 2785 1583 2823 infirmitas,
