1785 3111
758 103 1037 140 —94-

289 215 312 251 5
348 215 520 253 Perferat
551 215 716 261 insignes
747 224 898 261 semper
928 224 974 251 ex
1004 214 1112 251 hoste
1141 213 1365 263 triumphos,

405 272 485 309 Nec
517 272 628 308 cedat
658 271 746 307 ullis
776 278 814 307 te
846 271 1048 308 comitante
1077 271 1200 310 malis.

345 329 402 366 Sit
432 328 594 366 blandus
625 326 788 376 famulis,
820 328 869 364 sit
899 327 994 370 lenis
1026 338 1160 364 censor
1189 327 1340 373 iniquis,

401 385 464 422 Sic
494 384 602 421 nobis
634 384 796 431 placeat,
829 394 876 421 ne
906 384 976 420 tibi
1009 384 1219 431 displiceat.

346 442 397 479 Ut
428 441 547 478 multa
577 441 745 477 breviter
775 451 895 487 parvo
923 451 1095 478 sermone
1126 449 1313 487 perorem,

265 498 315 535 10
405 498 461 537 Sit
493 498 591 535 bona
621 502 702 534 tota
732 507 866 544 gerens
898 502 935 533 et
965 498 1065 534 mala
1093 497 1198 534 nulla
1228 506 1381 543 gemens

345 554 400 591 Te
433 555 608 601 donante,
642 564 790 600 precor,
824 553 887 600 qui
919 564 1082 601 regnans
1113 554 1234 590 trinus
1267 557 1305 589 et
1334 564 1429 590 unus

427 611 541 648 Texis
572 611 611 647 in
642 614 837 647 aeternum
869 612 1022 648 saecula
1053 614 1200 657 cuncta,
1233 609 1348 648 Deus.

213 733 295 765 Cod.
314 733 490 765 Matriten.
521 731 571 772 14,
592 730 646 764 22.
674 743 762 765 saec.
792 730 843 765 lO.
869 750 911 755 —-—
937 732 959 765 4
984 734 1075 765 bona
1101 735 1183 764 suis.
1208 749 1251 754 —
1277 730 1297 764 8
1321 743 1394 765 nec.
1421 750 1465 753 —-
1492 732 1529 765 11
1550 742 1685 775 regnas.

128 795 170 799 —
197 779 310 810 Auett.
336 778 455 821 Antiq.
480 779 575 817 XIV,
601 776 666 810 263
692 789 742 820 sq.

611 946 668 982 78.
704 945 762 989 (6.)
798 945 940 981 Oratio
970 955 1045 990 pro
1072 946 1195 989 Rege.

813 1015 989 1056 (Dubius.)

345 1120 503 1158 Oremus
535 1120 681 1167 pariter
711 1124 790 1157 toto
823 1120 869 1157 de
901 1120 1016 1157 corde
1048 1122 1235 1169 rogantes,

348 1177 402 1215 Ut
430 1176 500 1213 tibi
532 1176 726 1223 praesidio
758 1177 937 1214 caelestia
967 1176 1139 1225 porrigat
1169 1187 1275 1213 arma

348 1233 507 1271 Arbiter
537 1234 787 1281 omnipotens,
819 1238 860 1270 ut
890 1234 1012 1279 possis
1035 1232 1187 1270 fortiter
1217 1233 1344 1270 hostes

342 1289 592 1327 Debacchare
623 1295 706 1326 tuos
738 1289 833 1326 ferri
866 1290 912 1326 de
944 1290 1102 1336 cuspide
1134 1288 1254 1326 fossos

289 1349 310 1385 5
344 1347 395 1384 Et
426 1347 554 1383 valeas
582 1357 711 1393 regum
742 1347 945 1384 multorum
978 1345 1154 1393 frangere
1187 1346 1297 1394 colla,

347 1404 416 1449 Qui
448 1403 651 1440 Dominum
684 1414 814 1440 verum
846 1404 977 1440 nolunt
1009 1413 1236 1449 cognoscere
1268 1402 1472 1450 Christum,

347 1460 416 1507 Qui
448 1460 551 1496 Deus
584 1464 641 1496 est
670 1471 766 1497 unus
795 1471 884 1497 vere
915 1471 997 1496 cum
1028 1464 1139 1506 patre
1171 1459 1373 1506 colendus3

347 1518 463 1564 Quem
496 1527 655 1564 superus
686 1521 788 1553 totus
820 1517 1011 1565 cognoscit
1042 1521 1080 1553 et
1109 1516 1259 1553 infimus
1290 1516 1397 1565 ordo,

349 1575 467 1620 Quem
500 1574 635 1610 chorus
666 1574 858 1620 angelicus
891 1573 1111 1610 collaudans
1144 1583 1294 1620 semper
1323 1573 1473 1620 adorat,

265 1630 314 1668 10
346 1631 396 1667 Et
428 1631 593 1676 genitum
625 1631 746 1677 patris
777 1634 897 1667 totum
930 1629 1065 1667 diffusa
1094 1640 1164 1676 per
1194 1630 1322 1667 orbem

345 1687 521 1724 Ecclesia
554 1687 745 1724 (hristum
779 1687 971 1734 cognoscit
1001 1692 1036 1723 et
1068 1687 1389 1733 omnipotentem3

345 1744 414 1790 Qui
446 1754 562 1789 mare,
596 1744 782 1793 tellurem,
817 1744 974 1791 caelum,
1006 1743 1070 1790 qui
1103 1747 1238 1781 cuncta
1269 1744 1428 1788 creavit,

346 1801 448 1846 Quae
478 1801 641 1837 mundus
663 1804 763 1837 totus
794 1811 864 1847 per
894 1804 1013 1838 totum
1044 1800 1212 1838 continet
1241 1800 1337 1845 iste3

345 1857 417 1903 Qui
448 1857 574 1903 posuit
606 1857 707 1894 celso
739 1858 904 1895 lucentia
931 1857 1060 1894 sidera
1091 1857 1194 1894 caelo

265 1914 313 1952 15
347 1914 399 1950 Et
429 1914 548 1950 roseis
579 1917 697 1950 totum
731 1914 914 1951 coloravit
944 1913 1101 1950 floribus
1133 1913 1279 1959 orbem,

350 1970 548 2008 Sideribus
578 1971 694 2007 variis
725 1981 903 2017 superum
938 1970 1109 2016 depinxit
1141 1970 1356 2017 Olympum,

348 2027 572 2064 Muneribus
603 2028 722 2063 sacris
753 2027 932 2064 mundum
966 2027 1103 2064 ditavit
1133 2031 1171 2063 et
1196 2027 1335 2072 imum,

348 2083 420 2128 Qui
452 2083 636 2120 concessit
669 2084 775 2130 aquis
807 2084 974 2131 geminos
1005 2083 1217 2130 producere
1247 2082 1394 2121 fructus

348 2140 398 2176 Et
431 2140 582 2177 diversa
611 2141 705 2177 locis
740 2141 900 2177 diversis
932 2150 1073 2187 ponere
1103 2140 1241 2186 sanxit,

264 2198 316 2235 20
349 2196 504 2235 Scilicet
533 2197 694 2234 altilium
726 2208 872 2234 sursum
904 2197 1134 2243 laticumque
1166 2196 1354 2243 deorsum,

349 2253 401 2290 Ut
433 2253 542 2299 plebs
573 2254 778 2300 pennivola
809 2254 904 2291 caeli
936 2257 1156 2290 concrescat
1184 2252 1223 2289 in
1254 2253 1356 2290 auris

348 2310 400 2346 Et
432 2321 670 2357 squammosa
700 2311 772 2348 sali
802 2310 937 2348 fluides
970 2313 1189 2347 concrescat
1218 2309 1257 2346 in
1286 2309 1411 2356 undis,

349 2366 423 2403 Illa
453 2367 532 2413 poli
563 2367 729 2404 volitans
762 2367 882 2404 siccas
913 2366 1200 2405 transverberet
1230 2377 1354 2413 auras,

349 2424 429 2460 Ista
460 2424 575 2460 maris
608 2423 757 2460 bibulas
789 2428 924 2461 natans
954 2426 1193 2460 transcurrat
1223 2432 1382 2471 arenas3

265 2481 316 2517 25
351 2477 467 2516 Cuius
498 2480 546 2516 ad
578 2480 777 2526 imperium
809 2480 968 2517 rutilans
1000 2478 1247 2525 adlampadat
1276 2479 1374 2525 ignis

351 2535 402 2572 Et
433 2537 613 2573 tremulas
643 2536 798 2573 mittunt
826 2536 960 2573 timida
988 2536 1156 2573 tonitrua
1186 2545 1307 2584 voces,

352 2591 501 2629 Nebula
532 2593 748 2629 discurrens
780 2597 962 2639 properat
993 2592 1213 2638 dispergere
1244 2591 1401 2635 nimbos,

353 2648 560 2685 Grandinis
591 2654 631 2685 ut
663 2648 803 2686 fractos
833 2649 974 2686 iaculet
1005 2649 1052 2686 de
1083 2652 1215 2685 ventre
1244 2648 1408 2697 lapillos,

349 2706 474 2742 Arcus
505 2706 542 2741 in
575 2705 726 2742 excelso
757 2710 906 2742 servato
938 2704 1093 2742 foedere
1125 2704 1248 2754 durat,

267 2764 319 2801 30
352 2762 410 2798 Ne
441 2762 691 2809 cataclysmus
723 2772 840 2808 aquae
871 2766 1058 2798 terrarum
1090 2762 1259 2808 germina
1290 2760 1440 2809 perdat,

352 2819 493 2856 Tendit
522 2824 558 2854 et
591 2817 772 2865 igniferos
803 2818 933 2855 mundi
963 2828 1034 2864 per
1064 2818 1229 2864 compita
1260 2817 1383 2853 crines
