1785 3111
799 70 1107 110 —144—

373 186 410 224 6.
459 185 599 223 Christi
630 185 770 222 dicavit
801 195 888 222 mox
918 185 971 222 ibi
1003 185 1214 234 ecclesiam,

458 241 554 279 Nam
586 240 873 278 fundamentum
903 241 995 279 fidei
1026 240 1273 280 fortissimum

457 299 617 336 Fixerat
648 309 763 336 unum
794 302 941 345 petram
974 310 1089 345 super
1118 299 1332 346 limpidam,

456 355 574 402 Quam
605 354 744 392 flumen
773 356 933 392 undans·
954 366 1022 392 nec
1054 360 1251 393 ventorum
1283 355 1443 394 fulmina

458 412 646 457 Quassare
677 416 848 458 possunt,
882 416 1071 449 torrentes
1103 424 1172 450 nec
1202 413 1367 460 pluviae.

382 492 419 529 7.
464 490 616 528 Deinde
646 502 777 527 rursus
809 502 892 527 cum
925 502 1065 528 corona
1095 492 1247 528 rediens

459 548 616 585 Athleta
647 548 806 595 Christi,
841 553 990 594 compta
1022 549 1192 594 pulchris
1224 548 1328 591 liliis,

458 605 697 651 Mixtumque
732 605 868 651 palmis
900 605 1007 642 lauro
1038 609 1152 652 atque
1183 606 1322 642 rosulis

456 662 640 699 Portabat
671 662 838 708 gaudens
872 662 1049 699 diadema
1080 662 1234 711 vertice,

452 719 650 765 Ingressus
680 718 813 755 urbem
844 719 1002 756 Romam
1036 718 1188 756 Christo
1220 718 1369 756 comite.

374 798 409 835 8.
458 797 530 834 His
560 797 615 834 ita
645 797 760 844 gestis
791 798 917 844 pergit
947 797 1223 834 Alexandriam

457 854 597 891 Sancto
629 854 798 900 repletus
830 855 980 901 spiritu,
1013 854 1240 891 laetissimos

455 911 570 948 Fines
603 922 672 958 per
703 922 832 948 omnes
862 912 1002 958 iugiter
1032 911 1301 958 Memphiticos

459 968 586 1006 Patris
617 969 807 1005 tremendi
838 968 1087 1014 praedicabat
1118 968 1270 1005 unicum

457 1025 615 1062 Venisse
645 1026 776 1062 mundi
808 1036 877 1072 pro
911 1026 1033 1062 salute
1064 1024 1195 1063 filium.

371 1105 409 1142 9.
456 1103 587 1141 Turba
618 1104 785 1140 crudelis
817 1104 959 1142 Christi
992 1104 1093 1140 circa
1124 1104 1280 1140 militem

456 1160 622 1197 Tumens
652 1161 814 1207 parabat
845 1166 1119 1197 tormentorum
1148 1161 1307 1211 spicula,

458 1217 590 1257 vinxit
622 1219 780 1263 catenis,
813 1218 1004 1254 transfixit
1035 1218 1175 1255 aculeis

455 1274 687 1311 Dilauiando
718 1274 847 1321 flagris
880 1286 989 1311 sacra
1020 1275 1166 1311 viscera

455 1331 629 1377 Carceris
661 1332 815 1368 umbras
847 1331 947 1368 misit
980 1332 1028 1368 ad
1060 1331 1338 1378 phantasticas,

343 1411 407 1450 10.
456 1411 607 1447 Primus
638 1412 794 1457 superni
826 1411 988 1447 nominis
1018 1411 1193 1447 notitiam

453 1467 572 1504 Dedit
602 1469 641 1504 in
672 1468 803 1504 urbem
837 1468 991 1504 Marcus
1023 1468 1311 1515 Alexandriam,

456 1524 599 1561 Christi
633 1525 775 1562 dicavit
806 1536 891 1561 mox
924 1524 977 1561 ibi
1010 1524 1218 1565 basilicam,

454 1581 571 1628 Quam
604 1583 772 1628 expiavit
805 1582 972 1628 pretioso
1005 1582 1198 1629 sanguine,

458 1638 621 1675 Vallavit
653 1639 774 1676 almae
803 1638 892 1675 fidei
924 1639 1141 1676 munimine.

342 1717 406 1755 11.
455 1717 587 1755 Gloria
618 1718 732 1767 patri,
768 1718 881 1755 decus
914 1723 950 1753 et
982 1717 1181 1765 imperium

455 1774 524 1820 Sit,
557 1780 656 1824 nate,
690 1785 840 1820 semper
870 1775 940 1813 tibi
972 1785 1086 1820 super
1117 1775 1255 1823 sidera,

452 1831 597 1878 Honor,
631 1835 800 1878 potestas
832 1837 1038 1877 sanctoque
1072 1831 1236 1877 spiritui,

456 1888 513 1925 Sit
544 1889 706 1925 trinitati
741 1889 860 1924 virtus
892 1888 1114 1925 individuae

456 1946 528 1982 Per
559 1945 707 1982 infinita
739 1946 975 1982 saeculorum
1009 1944 1170 1981 saecula.

253 2024 382 2063 Hymn.
421 2035 482 2054 mS.
522 2024 787 2055 ›Severinianum
827 2034 915 2055 saec.
957 2021 1006 2054 10.
1045 2034 1094 2054 ex.
1156 2023 1239 2054 Cod.
1276 2023 1436 2054 Vatican.
1474 2019 1572 2053 7172.
1609 2022 1648 2054 Α.
1687 2039 1730 2042 -

159 2069 288 2109 Hymn.
309 2079 370 2099 ms.
391 2070 657 2101 Severinianum
677 2080 764 2100 saec.
787 2067 836 2101 10.
853 2079 905 2100 ex.
943 2069 1025 2100 C0d2
1040 2069 1190 2100 Parisin.
1208 2066 1304 2100 1092.
1320 2069 1358 2099 B.
1374 2086 1416 2089 -—
1434 2066 1495 2108 1,3
1510 2067 1728 2109 splendorem

159 2114 230 2145 ΑΒ.
256 2131 299 2136 -
325 2112 355 2152 3,
383 2113 404 2145 3
430 2115 548 2156 Cingit
573 2116 631 2155 qui
660 2115 728 2145 AB.
755 2132 798 2135 —
824 2113 854 2152 5,
881 2113 902 2146 4
928 2119 1003 2145 sato
1022 2115 1093 2145 ΑΒ.
1119 2131 1161 2134 —
1190 2113 1240 2147 ll,
1270 2114 1283 2145 1
1311 2114 1469 2146 Gloriam
1487 2114 1556 2145 AB.
1575 2131 1619 2135 —
1639 2110 1729 2151 11,4

159 2160 328 2190 trinitatis
363 2160 433 2190 AB.
468 2178 505 2180 —
543 2161 673 2191 Diesen
708 2161 866 2201 Hymnus
900 2160 959 2191 hat
991 2163 1106 2191 zuerst
1131 2159 1321 2190 Madrisius
1346 2159 1630 2201 herausgegeben
1654 2157 1725 2190 und

158 2204 288 2236 Paulin
307 2205 591 2246 zugeschrieben.
634 2206 683 2236 Er
701 2206 875 2237 bemerkt:
905 2207 1104 2246 „llymnunl
1123 2205 1213 2236 hunc
1232 2206 1321 2236 inter
1340 2204 1484 2236 schedas
1502 2205 1551 2236 ill.
1570 2204 1727 2246 episcopi

159 2250 345 2282 Adriensis
363 2255 535 2292 repertum
556 2262 663 2292 nepos
677 2253 764 2291 eius,
785 2252 995 2282 Laurentius
1011 2262 1029 2282 a
1044 2252 1164 2283 Turre.
1184 2250 1431 2282 humanissime
1445 2251 1726 2282 communicavit.

161 2296 282 2335 Quem,
317 2297 434 2327 statim
460 2307 501 2327 ac
528 2297 607 2337 legi,
634 2297 820 2328 Paulinum
840 2297 936 2327 illico
956 2301 1133 2328 auctorem
1159 2295 1317 2337 agnovi.“
1366 2296 1498 2338 (Migne
1531 2293 1552 2327 l.
1577 2306 1605 2327 c.
1634 2292 1725 2335 495).

158 2342 200 2372 In
233 2341 294 2372 der
318 2341 386 2372 Tat
410 2343 510 2372 wcist
535 2343 651 2373 ausser
676 2343 825 2373 Metram
851 2342 920 2373 und
947 2342 1098 2384 Sprache
1125 2342 1200 2373 hier
1225 2352 1288 2373 vor
1312 2342 1416 2373 auem
1441 2341 1501 2373 der
1524 2340 1642 2373 Inhalt
1666 2340 1730 2372 auf

158 2386 225 2418 den
251 2387 482 2418 Patriarchen
507 2398 576 2418 von
603 2388 774 2428 Aquileja.

546 2498 626 2532 105.
664 2499 721 2539 (TW¹
758 2499 800 2532 In
827 2498 1092 2534 Dedicatione
1117 2499 1336 2534 Ecclesiae.

367 2570 403 2609 1.
452 2567 657 2615 Refulgent
689 2570 792 2606 clara
821 2571 929 2606 huius
961 2570 1094 2617 templi
1126 2570 1301 2618 culmina,

453 2624 613 2663 Perfusa
644 2626 726 2662 luce
758 2626 992 2673 septiformis
1025 2627 1182 2673 spiritus

452 2682 596 2719 Christi
627 2683 832 2719 rubescunt
865 2689 1076 2730 purpurata
1107 2684 1300 2731 sanguine,

453 2739 595 2777 Perlita
627 2750 712 2775 rore
744 2740 900 2785 pretiosi
932 2740 1092 2777 balsami

449 2796 575 2834 Odore
607 2794 779 2843 fragrant
812 2797 943 2833 mixtis
974 2796 1219 2835 aromatibus,

1780 2549 1785 2641 ἑ
