1785 3111
722 73 1030 114 —497—

91 186 156 222 21.
204 185 274 222 Est
304 190 498 223 exstructa
531 186 677 232 civitas,
909 189 974 226 22.
1023 188 1301 226 inenarrabilia

203 241 246 278 ln
280 253 353 288 qua
384 247 440 279 est
470 243 700 289 iucunditas,
1021 244 1080 282 Ibi
1112 246 1252 284 dantur
1282 245 1433 293 gaudia,

202 298 246 335 In
278 302 354 335 tam
388 298 488 336 dulci
520 300 647 347 patria
1021 302 1122 348 Quae
1153 302 1305 348 paravit
1335 302 1519 339 Dominus

204 354 320 392 Nulla
350 361 460 392 erunt
489 356 628 405 taedia,
1022 357 1113 395 Sese
1146 358 1413 407 diligentibus3

204 410 263 448 Ibi
295 412 509 461 exsultatio,
1023 413 1262 451 Festinemus
1294 415 1443 462 ingredi

204 467 260 504 Ibi
294 468 507 507 delectatio.
1026 470 1225 509 Civitatem
1257 472 1422 511 Domini.

490 562 556 600 23.
601 560 819 607 Fungamur
851 561 997 609 exsilio,

600 618 654 656 Ut
684 627 752 654 nos
785 617 857 654 Dei
888 616 965 654 filio

603 674 805 720 Iungamus
838 672 1003 711 feliciter

599 730 651 767 Et
681 730 971 776 perpetualiter.

602 787 685 823 Hoc
717 787 901 824 concedat
931 787 1103 824 omnibus

606 843 849 880 Saeculorum
882 843 1068 892 dominus,

596 900 668 944 Qui
698 909 768 946 per
799 904 933 936 cuncta
964 904 1138 947 tempora

596 956 743 1003 Regnat
775 967 920 994 summa
950 957 1083 1003 gloria.

175 1043 410 1086 Engelhardt,
444 1045 478 1077 S.
514 1042 589 1076 142.
622 1063 665 1066 —
702 1043 777 1079 104
810 1046 920 1077 Dolor
953 1050 1003 1078 est
1036 1047 1290 1079 aestuantibus.
1325 1066 1367 1070 —
1404 1044 1455 1078 12.
1482 1045 1501 1078 6
1541 1047 1659 1088 Aquas

89 1090 234 1121 intrans.
259 1107 303 1111 —-
328 1087 403 1129 23‚1
430 1091 619 1132 Fugiamus
646 1091 784 1123 exsilio.

267 1223 349 1260 340.
385 1224 443 1266 (3.)
476 1224 700 1268 Rhytlnnus
726 1225 773 1259 de
798 1225 969 1260 Domino
996 1227 1141 1261 nostro
1168 1227 1259 1261 Iesu
1287 1227 1466 1262 Christo.

89 1296 125 1334 1.
173 1296 202 1333 Ο
234 1306 301 1334 rex
331 1295 406 1343 pie⁷
438 1307 459 1332 0
492 1295 567 1332 dux
595 1296 690 1345 viae,
910 1300 947 1335 5.
995 1298 1052 1334 Tu
1084 1298 1251 1335 solamen
1283 1307 1318 1335 et
1350 1299 1521 1336 levamen

231 1353 317 1389 Iesu
345 1352 507 1395 Christe,
540 1353 693 1399 optime,
1053 1355 1126 1391 Pro
1158 1359 1195 1391 te
1226 1355 1511 1393 tribulantibus,

174 1407 353 1446 Nostrum
371 1409 525 1446 chorum
543 1409 675 1446 laudes
693 1421 837 1447 morum
994 1411 1096 1449 Onus
1128 1412 1211 1449 leve
1242 1412 1352 1449 huius
1383 1423 1497 1449 suave

229 1465 333 1502 Doce
364 1465 434 1502 tibi
465 1477 652 1513 promere.
1050 1468 1153 1505 Bene
1183 1469 1457 1509 laborantibus,

90 1546 126 1583 2.
176 1545 229 1583 Ut
260 1545 468 1590 concordes
499 1546 634 1582 mentis
666 1546 797 1583 sordes
909 1548 946 1586 6.
994 1547 1084 1584 Flos
1117 1548 1284 1596 virtutis,
1317 1559 1404 1595 spes
1436 1549 1585 1595 salutis,

229 1601 309 1639 Tua
339 1612 412 1648 ope
443 1602 583 1639 caelica
1049 1604 1183 1641 Honor
1213 1604 1429 1651 ineffabilis,

171 1658 428 1705 Espurgemus
460 1663 497 1695 et
527 1659 751 1696 mundemus
994 1661 1256 1711 Pulchritud0‚
1291 1662 1508 1699 sanctitudo

230 1715 367 1753 Cordis
398 1715 518 1752 nostri
549 1716 694 1754 intima.
1052 1718 1122 1754 Est
1154 1719 1467 1757 inaestimabilis:

89 1796 127 1833 3.
174 1794 227 1833 Ut
257 1795 464 1841 psallamus
497 1798 533 1831 et
564 1806 742 1832 vovamus
913 1797 949 1835 7.
996 1796 1049 1833 Te
1079 1796 1186 1833 sitire
1219 1801 1256 1834 et
1286 1801 1324 1834 te
1355 1798 1453 1835 scire

234 1851 330 1888 Vota
361 1855 492 1888 nostra
521 1851 700 1901 pleniter,
1051 1854 1131 1891 Fac
1162 1865 1229 1891 nos
1261 1855 1299 1891 in
1329 1855 1402 1892 hac
1432 1855 1582 1903 nebula,

174 1908 249 1954 Spe
279 1907 439 1956 sincera,
473 1908 553 1945 vita
583 1918 674 1945 vera
995 1909 1057 1947 Sic
1090 1921 1296 1961 curramuS,
1330 1917 1372 1948 ut.
1401 1923 1624 1959 spernamus

230 1965 285 2001 Te
316 1965 481 2001 colentes
512 1965 662 2012 iugiter.
1050 1967 1188 2005 Mundi
1219 1968 1329 2005 huius
1360 1967 1524 2012 flamina,

88 2051 128 2089 4.
174 2049 242 2091 Tu,
276 2047 360 2087 fons
392 2049 492 2087 vitae
522 2060 679 2087 manans
710 2050 782 2087 rite
906 2050 944 2090 8.
992 2051 1043 2090 Ut
1075 2063 1206 2090 secure
1237 2054 1320 2091 viae
1353 2054 1470 2091 durae

231 2106 274 2143 In
304 2110 467 2154 purgata
497 2110 665 2156 pectora,
1048 2109 1282 2155 Linquamus
1315 2111 1485 2157 pericula

174 2163 289 2210 Rigas
320 2167 484 2200 mentem
515 2163 707 2200 sitlentem
993 2165 1044 2202 Et
1075 2177 1161 2202 mox
1194 2167 1292 2203 laete
1323 2178 1368 2204 ac
1398 2168 1523 2214 quiete

231 2219 370 2257 Sancta
400 2231 470 2266 per
502 2220 742 2258 charismata.
1050 2222 1155 2259 Caeli
1189 2222 1305 2260 dones
1339 2224 1521 2270 praemia.

185 2303 413 2346 Engelhardt,
439 2314 472 2345 p.
501 2302 574 2335 147.
600 2321 645 2324 —-
670 2302 700 2337 3,
727 2302 747 2335 2
773 2305 936 2346 plenitus.
967 2324 1007 2327 —
1035 2303 1066 2343 3,
1092 2304 1114 2336 4
1139 2307 1282 2347 iugitus.
1309 2324 1349 2328 —
1376 2305 1406 2346 5,
1433 2305 1454 2339 3
1474 2309 1661 2350 jedenfalls

98 2349 276 2389 verderbt3
301 2349 366 2380 lies
393 2349 574 2380 vielleieht
599 2348 694 2380 Onus
722 2360 827 2392 grave
853 2350 906 2381 fae
932 2360 1038 2382 suave
1065 2351 1148 2383 oder
1173 2351 1364 2384 ahnliehes.

390 2481 471 2518 341.
510 2483 567 2524 (4.)
604 2483 828 2526 Rhythmus
854 2483 901 2518 de
929 2484 1065 2520 Monte
1094 2485 1354 2522 Hohenburc.

741 2540 939 2584 (Appendix
964 2545 1008 2582 Ι).

96 2622 134 2659 1.
180 2619 269 2658 Hoc
298 2622 336 2659 in
369 2627 494 2660 monte
525 2623 609 2660 vivo
641 2623 746 2661 fonte
911 2625 949 2662 2.
995 2623 1141 2663 Nectar
1175 2627 1319 2663 clarum
1351 2627 1604 2674 scriptuarum

235 2679 420 2716 Potautur
450 2681 633 2728 oviculae,
1055 2682 1196 2720 Potant
1225 2683 1450 2732 liberaliter,

177 2732 294 2771 Esum
325 2736 425 2772 vitae
455 2736 536 2773 sine
562 2737 629 2773 lite
996 2737 1152 2786 Bibant‚
1191 2739 1334 2786 bibant.
1369 2741 1510 2786 vivant.
1537 2741 1665 2778 vivant

239 2789 466 2837 Congestant
496 2794 682 2840 apiculae.
1053 2795 1192 2833 Omnes
1223 2797 1480 2834 aeternaliter.

162 2857 186 2882 D
196 2865 261 2883 rev
270 2866 286 2884 e
295 2866 308 2884 s
318 2881 324 2892 ,
351 2859 555 2888 Lateinische
576 2862 866 2896 Hymnendiehter.
906 2862 949 2889 Π.
1414 2859 1457 2894 32
