1785 3111
752 54 1062 95 —298—

436 222 518 257 229.
555 222 613 263 (1.)
649 222 695 256 In
720 222 1000 266 Assumptione
1024 222 1179 258 Beatae
1205 223 1375 257 Mariae.

145 317 181 354 1.
215 316 336 353 Adest
370 316 451 352 dies
482 315 664 359 laetitiae,
961 318 998 354 4.
1033 316 1145 354 Ultra
1174 317 1394 363 angelorum
1425 317 1582 363 gloriam

215 372 406 410 Iucundus
437 372 539 408 omni
569 372 722 417 lumine,
913 372 918 376 '
1032 373 1198 409 Thorum
1232 373 1363 410 delicti
1394 373 1561 409 nescium

211 429 256 465 In
292 440 364 475 quo
396 429 527 475 regina
557 429 746 476 virginum
1032 429 1165 466 Secum
1197 430 1246 466 ad
1274 429 1394 475 patris
1426 429 1561 466 solium

215 485 373 522 Scandit
403 485 478 521 iter
509 484 741 524 astriferum,
1031 486 1218 534 Reportat
1247 487 1384 533 pignus
1415 486 1612 532 optimum.

144 590 182 625 2.
214 587 446 634 Angelorum
478 586 732 634 praefulgidis
965 591 1002 627 5.
1038 588 1222 625 Caelestis
1253 590 1358 635 regni
1391 589 1525 624 civitas

215 644 508 681 circumvallata
541 645 682 690 cuneis
1034 646 1084 682 Et
1117 645 1195 681 eius
1227 645 1346 681 omnis
1380 645 1544 691 dignitas

216 701 409 747 Quamque
441 706 658 738 sanctarum
691 702 877 749 virginum
1035 702 1236 738 Parentem
1268 702 1324 738 sui
1358 702 1542 748 principis

215 758 394 804 Sequitur
420 769 552 804 agmen
585 758 770 796 inclitum.
1034 759 1142 795 Votis
1173 759 1332 795 honorat
1365 759 1552 804 congruis.

143 861 179 897 3.
212 860 265 897 Ut
298 860 405 896 decet
437 871 564 896 omnes
597 860 766 908 credere,
963 862 999 900 6.
1035 860 1127 897 Cum
1159 860 1293 906 quibus
1326 871 1393 896 1105
1424 860 1632 897 laetissima

213 916 376 954 Caelesti
411 917 626 953 diademate
1030 918 1151 954 Huius
1185 917 1260 953 diei
1290 917 1427 963 gaudia

213 974 347 1011 Clarus
379 974 523 1010 occurit·
553 973 685 1010 obvius
1031 974 1345 1012 Concelebremus
1377 974 1523 1010 alacres

213 1029 386 1067 Christus
419 1041 464 1066 ex
496 1041 539 1067 ea
571 1031 726 1077 genitus
1033 1031 1154 1068 Deum
1185 1030 1378 1067 laudando
1410 1030 1615 1077 supplices.

552 1133 586 1169 7.
635 1132 759 1168 Huius
792 1131 880 1168 festi
913 1133 1124 1169 clarissima

638 1189 914 1235 Prosequamur
945 1190 1147 1235 praeconia

636 1246 776 1282 Mentis
809 1245 944 1282 affectu
976 1246 1182 1292 supplices,

637 1301 783 1338 Effectu
817 1303 920 1341 vocis
951 1303 1112 1339 alacres.

220 1402 363 1434 Colleet.
397 1413 458 1433 1115.
493 1403 724 1435 Cluniacense
755 1414 844 1435 saec.
879 1402 928 1434 1‘2.
979 1404 1061 1436 Cod.
1094 1404 1244 1435 Parisin.
1278 1404 1390 1435 Nouv.
1425 1412 1499 1444 aeq.
1528 1401 1625 1435 1496.
1650 1403 1690 1434 A.

126 1465 169 1469 -—
207 1447 370 1479 Biblioth.
409 1448 609 1479 cluniacen.
644 1448 709 1479 col.
743 1447 820 1480 406.
855 1451 890 1481 B.
921 1467 965 1470 —
992 1450 1161 1491 ⁷,Reliqua
1187 1450 1427 1481 desiderantur
1451 1449 1488 1479 in
1513 1459 1575 1480 ms.
1601 1450 1692 1480 sieut

127 1499 160 1525 et
187 1504 312 1536 magna
337 1503 418 1534 pars
445 1495 613 1525 sermonis
640 1492 848 1535 sequentis.‘·'
876 1496 915 1526 B.

457 1661 538 1697 2:30.
573 1662 631 1703 (2.)
667 1662 709 1696 In
738 1661 963 1696 Nativitate
988 1662 1143 1696 Beatae
1178 1662 1347 1697 Mariae.

558 1757 594 1795 1.
644 1756 774 1793 Oritur
805 1756 910 1792 sidus
942 1755 1113 1792 inclitum

638 1813 840 1850 illustrans
869 1823 977 1849 omne
1009 1813 1211 1857 saeculum,

638 1870 710 1905 Per
741 1869 840 1915 quod
873 1869 954 1905 dies
986 1873 1022 1905 et
1052 1873 1223 1915 tempora

637 1928 843 1962 Assumunt
876 1926 975 1962 vitae
1007 1926 1162 1964 lumina.

220 2026 362 2057 Collect.
397 2038 458 2057 1115.
492 2027 723 2059 Cluniacense
756 2038 845 2059 saec.
882 2026 930 2059 12.
980 2028 1062 2059 Cod.
1094 2028 1244 2059 Par-isin.
1278 2028 1390 2059 Nouv.
1425 2038 1499 2070 acq.
1527 2026 1624 2060 1496.
1651 2030 1691 2060 A.

128 2088 172 2093 ——
198 2071 365 2103 Biblioth.
393 2072 595 2103 Cluniacen.
621 2073 687 2103 col.
712 2070 789 2104 408.
816 2075 854 2105 B.
880 2091 923 2094 —
951 2074 1121 2115 „Reliqua
1147 2084 1216 2104 non
1243 2078 1379 2105 exstant
1404 2075 1440 2104 in
1466 2072 1553 2105 Ms.“
1581 2074 1621 2105 B.

545 2240 626 2276 231.
662 2241 719 2284 (3.)
754 2242 799 2276 In
825 2242 992 2276 sanctae
1017 2241 1262 2277 Adelheidis.

145 2333 183 2371 1.
214 2334 316 2370 Anni
350 2334 475 2370 voluto
507 2339 676 2381 tempore
964 2338 1000 2374 3.
1033 2337 1149 2372 Fudit
1180 2346 1271 2382 opes
1303 2336 1535 2383 largissimas

216 2390 369 2426 Festiva
399 2391 462 2427 lux
495 2393 734 2428 Adallieidac
1034 2393 1153 2431 Donis
1184 2393 1336 2438 replens
1367 2393 1559 2435 ecclesias,

217 2446 336 2483 Nobis
369 2447 501 2484 beatae
534 2449 680 2497 claruit,
1034 2450 1153 2495 Regni
1186 2448 1347 2486 facultas
1379 2449 1543 2486 maxima

216 2503 297 2548 Qua
327 2505 518 2540 saeculum
550 2506 623 2541 iam
656 2507 813 2552 respuit,
1034 2506 1215 2552 Dispersa
1247 2506 1353 2552 pavit
1383 2507 1544 2552 agmina.

147 2607 184 2642 2.
216 2606 428 2652 Apostolici
462 2607 646 2651 dogmatis
964 2612 999 2646 4.
1034 2608 1223 2645 Martii-am
1256 2608 1361 2653 sequi
1395 2608 1628 2655 decreverat,

217 2662 408 2698 Instructa
441 2663 694 2702 didascalicis.
1033 2665 1135 2710 Opus
1169 2676 1278 2700 manu
1311 2664 1580 2710 compleverat,

217 2718 279 2755 Sic
310 2719 428 2755 utitur
458 2721 660 2767 regalibus,
1034 2722 1147 2758 Amat
1180 2721 1340 2757 Mariam
1373 2725 1539 2767 pectore.

220 2774 271 2812 Ut
302 2786 369 2812 usa
400 2786 472 2812 non
505 2777 551 2812 sit
586 2776 759 2815 fastibus.
1034 2777 1171 2814 Secuta
1203 2777 1394 2814 Christum
1427 2787 1595 2816 cernere.
