1785 3111
793 61 873 102 477

480 173 535 206 42.
572 175 685 206 Mater
710 175 786 212 Dei,
811 178 953 206 nostrae
979 177 1052 214 spei

618 219 733 251 Causa
758 223 791 251 et
816 220 1007 261 exordium,

569 265 679 297 Posce
704 269 824 297 natum
850 269 889 297 ut
913 270 1069 307 optatum

619 311 729 343 Nobis
754 311 811 342 det
837 311 1038 342 remedium.

490 394 544 428 43.
583 398 659 437 Quo
686 398 799 428 sonati
826 398 975 428 sauciati

619 443 702 475 Sine
729 442 829 474 sorde
855 442 1037 474 vulnerum

572 488 837 519 Transferamur
863 490 897 519 et
921 487 1088 519 ducamur

619 534 660 564 In
686 537 883 565 sanctorum
910 544 1101 565 numerum.

146 614 299 646 Hierauf
318 614 416 653 VIII,
441 611 496 652 42,
520 612 582 646 43:
615 614 676 651 IX,
703 612 742 654 43
768 614 865 651 VIII,
891 612 953 653 453
983 614 1041 653 IX,
1070 611 1222 652 28—31;
1249 614 1399 646 sodann:
1433 615 1534 655 Quod
1560 626 1621 657 op-

52 663 167 691 tamus
192 670 295 696 usw.;
321 659 461 691 endlich
486 661 545 698 VI,
571 657 715 692 21-30.

143 705 253 737 Pars
286 706 315 737 X
343 705 480 737 besteht
505 715 567 737 aus
592 706 633 744 V,
663 703 766 740 1—4;
800 705 859 742 VI,
886 703 994 743 4-03
1030 705 1070 743 V,
1097 703 1226 744 5—383
1261 706 1322 744 IX,
1351 703 1455 746 1-3;
1491 704 1619 748 8—183

53 751 94 789 v,
121 748 274 782 asi-41:
301 751 395 789 xw,
421 748 566 783 22-30.

721 838 840 874 Pars
881 836 951 875 XI.

81 923 109 956 1.
147 925 176 957 O
202 930 400 957 sanctarum
426 925 632 957 feminarum

189 971 324 1002 Lumen
348 971 491 1008 clarum,
516 970 654 1008 femina,

144 1016 311 1057 Princeps
337 1016 420 1056 poli,
446 1017 564 1054 maris,
590 1016 666 1054 soli,

190 1062 308 1102 Digna
333 1062 422 1093 caeli
447 1061 598 1093 domina.

76 1143 108 1178 2.
145 1146 339 1179 Iucundare
364 1150 399 1178 et
422 1147 564 1184 laetare,

191 1192 322 1231 Habes,
348 1202 457 1234 quare
481 1192 645 1234 gaudeas,

145 1237 256 1269 Plane
279 1239 382 1278 geris,
409 1248 477 1280 quo
503 1238 644 1270 laeteris

190 1282 292 1315 Unde
316 1283 399 1315 felix
424 1283 568 1325 polleas.

78 1365 110 1400 3.
146 1367 332 1406 Enutristi,
358 1369 544 1410 portavisti

191 1414 349 1446 Membra
375 1413 505 1445 Christi
532 1415 640 1455 pueri,

145 1459 320 1497 Adorasti‚
346 1470 449 1501 quem
474 1457 614 1491 lactasti

190 1505 353 1536 Fructum
379 1505 467 1536 casti
492 1506 594 1536 uteri.

80 1582 112 1615 4.
150 1581 241 1615 Puer
265 1585 398 1623 crescit,
426 1584 564 1626 eulpam
589 1585 711 1621 nescit,

194 1630 262 1669 Qui
285 1629 379 1672 quod
403 1630 496 1667 fecit,
521 1630 632 1661 factus
658 1635 719 1669 est,

147 1674 246 1706 Felix
269 1679 389 1714 mater,
415 1679 495 1707 tuus
522 1680 619 1717 pater

193 1721 273 1763 Ipse
298 1731 384 1763 puer
408 1725 488 1752 tuus
514 1726 576 1753 est.

82 1799 112 1833 5.
152 1801 269 1832 Servit
292 1801 359 1833 tibi
385 1805 419 1832 et
443 1804 481 1832 tu
507 1801 574 1832 sibi

194 1847 322 1878 Forma
347 1847 439 1878 servi
465 1846 636 1885 subditur,

150 1892 205 1923 Tu
229 1892 390 1931 ancillae,
416 1893 508 1924 servi
533 1892 594 1923 ille

196 1937 288 1969 Puer
311 1939 389 1969 viee
413 1937 579 1979 fungitur.

84 2014 114 2048 6.
152 2017 202 2048 Te
226 2016 387 2048 hortante
413 2019 449 2048 et
469 2019 606 2049 astante

197 2063 299 2094 Votis
325 2065 445 2094 sancte
470 2063 567 2103 operi

152 2108 307 2139 Primum
334 2109 473 2149 signum
497 2108 596 2139 duxit
620 2107 763 2150 dignum

198 2153 334 2196 Aquam
358 2154 480 2185 vinum
504 2152 590 2185 fieri.

83 2229 116 2264 7.
153 2232 357 2264 Houoratae
381 2242 421 2264 ac
446 2235 602 2264 sacratae

202 2278 291 2310 Sunt
315 2281 348 2309 et
373 2288 394 2309 a
419 2281 452 2309 te
478 2279 632 2319 nuptiae,

156 2322 302 2362 Quando
328 2324 450 2354 vinum
475 2323 517 2354 ad
543 2323 699 2354 divinum

200 2369 331 2400 Nutum
357 2368 505 2400 fundunt
529 2368 685 2409 hydriae.

88 2445 119 2481 8.
157 2448 267 2488 Quam
292 2447 433 2485 flevisti,
459 2456 536 2477 cum
561 2446 681 2477 vidisti

203 2494 337 2535 Corpus
363 2492 494 2524 Christi
520 2492 673 2529 Domini,

155 2539 223 2570 Per
245 2536 398 2570 Pilatum
423 2537 648 2579 flagellatum.

204 2584 316 2616 Saevo
342 2583 461 2614 datum
487 2584 630 2625 agmini.

91 2660 122 2694 9.
158 2663 207 2694 Es
231 2664 417 2694 maerentis
443 2673 483 2695 ac
507 2663 657 2694 dolentis

204 2708 315 2739 Passa
339 2710 464 2740 mentis
489 2708 643 2751 gladium

162 2753 233 2785 Sub
258 2756 398 2791 tortore,
426 2755 489 2786 sub
515 2764 643 2795 angore

207 2798 358 2830 Cernens
384 2799 456 2831 fore
481 2799 602 2830 filium.

877 923 928 957 10.
967 925 1086 967 Spinis
1112 926 1256 964 laesum,
1282 927 1400 968 flagris
1426 930 1564 959 caesuin

876 1145 928 1178 11.

877 1365 927 1399 12.

878 1582 929 1616 13.

882 1799 933 1834 14.

883 2015 935 2049 15.

884 2229 934 2263 16.

885 2444 936 2477 17.

1012 972 1134 1003 Cernis
1159 972 1274 1003 Iesum
1302 973 1501 1011 Dominum,

965 1017 1074 1048 Tuam
1100 1017 1231 1058 prolem
1258 1017 1377 1049 mundi
1404 1019 1523 1058 solem,

1011 1062 1276 1104 Redemptoren]
1302 1063 1491 1095 hominum.

965 1149 1041 1179 Rex
1066 1149 1206 1180 virtutis
1234 1159 1270 1180 se
1296 1150 1408 1180 acutis

1012 1193 1140 1232 Clavis,
1167 1196 1289 1235 sputis,
1317 1194 1429 1235 alapis

964 1238 1011 1270 Et
1036 1239 1146 1270 illatis
1172 1239 1271 1271 offert
1295 1242 1404 1281 gratis

1010 1284 1153 1323 Palmis,
1178 1285 1308 1327 flagris,
1334 1285 1501 1326 colaphis.

966 1369 1039 1400 Rex
1065 1369 1261 1408 damnatus,
1286 1371 1480 1412 perforatus

1012 1414 1077 1445 Est
1101 1426 1162 1456 per
1187 1415 1279 1447 latus
1305 1416 1436 1453 lancea,

964 1460 1118 1492 Duriora
1144 1470 1267 1502 passus
1294 1461 1370 1493 lora

1013 1506 1098 1537 Cum
1124 1516 1253 1538 corona
1280 1508 1412 1548 spinea.

966 1586 1040 1616 Rex
1066 1586 1194 1623 suavis,
1222 1597 1241 1617 o
1268 1597 1336 1618 vox
1360 1588 1497 1628 gravis!

1011 1631 1124 1673 Ligno
1150 1631 1261 1662 clavis
1287 1632 1449 1670 tenditur,

967 1677 1040 1708 Rex
1066 1678 1254 1708 immensus
1281 1681 1334 1708 est
1359 1688 1547 1720 suspensus

1012 1722 1133 1761 Cruce,
1157 1726 1277 1754 tensus
1302 1722 1430 1765 figitur.

970 1803 999 1833 O
1026 1812 1129 1843 quam
1154 1802 1248 1834 laeta
1273 1813 1308 1834 es
1335 1803 1465 1842 effecta,

1019 1847 1094 1887 Quo
1121 1848 1267 1889 impleta
1291 1848 1430 1891 gaudio,

971 1893 1057 1926 Cum
1082 1893 1233 1925 Messiae
1260 1894 1319 1925 lux
1343 1895 1477 1926 Mariae

1016 1936 1131 1970 Fulsit
1157 1939 1213 1970 die
1239 1940 1360 1971 tertio!

973 2016 1059 2049 Cum
1084 2016 1183 2049 finita
1209 2022 1243 2049 et
1267 2020 1416 2050 contrita

1016 2064 1130 2094 Morte
1154 2064 1228 2094 vita
1254 2064 1390 2102 claruit,

973 2107 1059 2139 Cum
1084 2110 1251 2147 tonantis,
1278 2109 1524 2150 triumphantis

1016 2153 1143 2184 Vultus
1170 2158 1312 2185 sanctus
1340 2155 1465 2195 paruit.

972 2232 1059 2264 Cum
1086 2242 1145 2263 rex
1169 2232 1285 2264 David
1310 2233 1444 2265 hostem
1470 2236 1606 2274 stravit,

1019 2277 1192 2318 Spoliavit
1217 2279 1358 2316 inferos,

972 2323 1044 2354 Nos
1070 2323 1198 2361 refecit,
1226 2323 1318 2355 hune
1342 2324 1479 2363 deiecit,

1019 2367 1145 2399 Servos
1170 2369 1251 2400 fecit
1276 2369 1416 2401 liberos.

974 2447 1060 2478 Cum
1086 2447 1272 2489 absorptis,
1298 2448 1426 2479 vinclis
1454 2450 1575 2480 mortis

1019 2492 1131 2523 Fortis
1157 2492 1280 2524 fortem
1306 2493 1466 2535 perdidit,

974 2537 1042 2576 Qui
1068 2538 1180 2569 leonis
1207 2544 1239 2569 et
1265 2539 1426 2570 draconis

1019 2582 1131 2624 Caput
1155 2585 1258 2616 nobis
1284 2584 1448 2616 subdidit.

907 2660 937 2693 s).
976 2663 1139 2694 Laetiora
1166 2665 1238 2695 suis
1264 2674 1325 2696 ora

1024 2708 1106 2740 Sine
1131 2719 1227 2740 mora
1254 2710 1413 2746 referens,

977 2753 1090 2784 Luctu
1116 2754 1239 2795 plenae
1264 2754 1493 2796 Magdalenae

1023 2798 1067 2830 Se
1092 2800 1225 2831 Mariae
1251 2800 1407 2831 offerens.
