1785 3111
713 80 1015 119 —211—

280 191 355 229 Hic
386 193 464 230 vati
493 193 630 230 eximio
662 193 806 239 placidi
838 194 1011 231 Iordanis
1043 195 1091 232 ad
1122 195 1262 233 undam

336 249 385 287 Se
416 250 552 286 castris
584 250 737 286 Domini
768 251 943 296 prodidit
975 262 1056 288 esse
1089 252 1236 299 ducem,

278 307 371 344 Cum
403 317 512 343 sacro
542 307 581 343 in
613 317 747 353 campo
779 308 913 344 stricto
945 309 1168 345 consisteret
1201 320 1290 346 ense

333 363 616 410 Subrueretque
648 364 722 409 piis
753 363 870 410 impia
902 368 1034 411 saepta
1066 365 1180 411 tubis,

187 419 237 457 15
272 419 455 457 Deiciens
487 425 632 467 septem
664 420 812 457 victrici
844 419 1001 458 fulmine
1031 427 1162 468 gentes

333 476 576 524 Sacratisque
605 477 686 514 Deo
719 478 879 524 mystica
910 489 1026 524 regna
1058 478 1198 519 ferens.

278 534 390 571 Hunc
421 533 578 571 Gabriel
611 534 730 570 solum
763 535 944 571 auxilium
978 535 1048 571 sibi
1082 534 1182 573 ferre
1214 535 1357 574 fatetur

335 591 398 629 Ad
430 591 493 637 pia
526 591 699 627 caelestis
729 596 855 628 castra
886 592 1028 628 tuenda
1059 592 1144 639 Dei,

279 647 479 686 Admissas
511 646 683 685 referens
714 648 885 685 Danielis
916 649 954 684 in
985 649 1085 685 atria
1118 649 1226 697 caeli,

198 705 248 743 20
338 706 438 752 Quas
465 710 596 741 sancto
627 705 811 752 impastus
843 703 995 741 fuderat
1026 716 1105 752 ore,
1138 717 1285 753 preces.

280 763 392 800 Hunc
423 761 541 798 oculis
573 762 709 798 mentis
741 762 841 798 inter
871 765 1036 809 myrteta
1067 762 1199 800 beatus

335 818 539 855 Zacharias
570 829 678 855 roseo
710 818 837 854 sidere
867 818 964 855 vidit
996 829 1104 866 equo,

277 875 512 912 Tendentem
544 875 675 912 niveas
706 875 850 921 templa
881 875 929 912 ad
962 876 1142 912 caelestia
1173 876 1320 922 palmas

336 933 486 978 Proque
517 931 590 968 Dei
621 931 757 969 affeetu
789 931 900 978 plebe
932 943 1066 979 rogare
1098 933 1173 979 pio.

196 989 246 1025 25
281 989 466 1035 Quattuor
498 999 542 1025 ex
575 988 723 1035 gemino
755 992 909 1026 ruerent
941 1000 1024 1026 cum
1055 994 1183 1026 monte
1215 991 1422 1040 quadrigae

336 1045 565 1092 Disparibus
596 1052 730 1092 raptae
762 1045 1063 1092 praecipitanter
1094 1046 1211 1096 equis,

277 1102 373 1139 Dum
407 1101 479 1138 rufi
510 1106 623 1149 atque
655 1103 763 1151 nigri,
797 1103 898 1139 nivei
930 1104 1102 1150 variique
1132 1103 1276 1150 iugales

339 1159 577 1196 Perlustrant
609 1160 734 1196 cuncti
766 1161 896 1206 iugera
928 1165 1036 1197 vasta
1066 1161 1149 1206 soli,

276 1217 401 1262 Atque
435 1216 504 1252 Dei
535 1227 680 1253 summo
713 1217 882 1253 referunt
913 1222 1050 1254 exacta
1080 1217 1253 1256 ministro

193 1273 242 1310 30
335 1273 524 1319 Principis
557 1278 591 1309 et
624 1274 791 1319 pendent
823 1274 872 1310 asl
904 1275 968 1322 pia
999 1275 1101 1311 iussa
1132 1275 1202 1324 sui,

278 1330 516 1366 Hierusalem
551 1330 734 1367 Dominus
766 1331 872 1377 larga
904 1332 1046 1378 pietate
1078 1332 1219 1369 reviset

336 1389 462 1433 Atque
494 1387 561 1424 illa
591 1392 745 1424 aeterno
777 1388 850 1424 iarn
883 1387 948 1425 fiet
979 1389 1066 1425 aula
1096 1388 1191 1433 Deo,

281 1444 397 1489 Quam
430 1448 556 1480 tantus
589 1455 765 1481 numerus
796 1445 1063 1491 hominumque
1094 1456 1324 1493 gregumque
1366 1447 1541 1495 replebit,

338 1500 488 1537 Nullius
520 1506 561 1537 ut
592 1502 687 1539 muri
720 1501 864 1548 cingier
894 1502 986 1539 orbe
1017 1506 1142 1548 queat,

200 1558 250 1594 35
284 1557 358 1594 Sed
390 1557 493 1594 Deus
523 1557 621 1595 hanc
651 1558 749 1606 ignis
779 1559 856 1604 iugi
888 1559 1093 1596 munimine
1125 1560 1262 1608 cinget,

338 1613 569 1651 Consumens
600 1615 728 1652 hostes
759 1615 885 1652 lumen
918 1620 955 1652 et
984 1616 1086 1653 intus
1119 1627 1246 1664 agens

276 1670 349 1707 Hic
379 1670 448 1708 sub
479 1670 554 1708 fine
585 1673 710 1719 etiam,
744 1683 826 1709 curn
859 1683 1016 1719 serpens
1047 1673 1113 1710 ille
1145 1677 1314 1710 vetustus

336 1728 515 1765 Intulerit
545 1729 696 1766 Christo
728 1730 875 1776 proelia
907 1740 1014 1767 cassa
1045 1730 1138 1776 Deo,

278 1784 487 1821 Caelestem
521 1786 677 1832 cupiens
708 1787 794 1823 telis
826 1786 1030 1824 excindere
1061 1787 1189 1824 sedem

193 1842 246 1879 40
335 1842 387 1878 Et
419 1843 597 1888 populum
629 1853 776 1880 sacrum
809 1854 966 1890 carpere
999 1844 1112 1881 dente
1143 1843 1238 1890 fero,

280 1898 490 1945 Consurget
520 1904 599 1936 toto
632 1900 806 1937 caelestis
838 1900 989 1937 turbine
1021 1912 1170 1949 pugnae

335 1955 667 2003 Flannnarumque
697 1957 820 2003 globis
853 1962 979 1994 castra
1009 1957 1176 1995 nefanda
1209 1964 1368 2004 prem-et.

277 2011 370 2048 Tum
402 2012 566 2059 populus
599 2013 741 2051 Christi
771 2013 944 2061 perfecta
976 2025 1070 2061 pace
1102 2014 1264 2062 fruetur,

331 2068 490 2115 Semper
521 2074 557 2106 et
588 2071 760 2117 angelico
792 2072 964 2108 concinet
996 2083 1061 2109 ore
1091 2073 1222 2110 melos

196 2125 248 2161 45
281 2125 393 2162 Hunc
423 2126 541 2172 igitur
571 2132 730 2176 tantum,
763 2139 831 2165 rex
863 2130 1019 2175 optime.
1053 2129 1215 2175 Christe,
1248 2133 1448 2176 patronum

332 2182 496 2229 Respice
527 2188 565 2220 et
595 2184 715 2230 ipsius
746 2196 814 2222 nos
846 2196 959 2232 prece
991 2185 1163 2232 purifica.

172 2274 253 2307 Cod.
278 2277 429 2309 Parisin.
454 2275 555 2311 2832.
581 2290 670 2311 saec.
697 2278 727 2312 9.
758 2281 794 2311 A.
829 2298 873 2302 ——-
905 2281 988 2313 Cod.
1015 2282 1165 2313 Par-isin.
1197 2280 1281 2314 T558
1313 2292 1401 2314 saec.
1428 2281 1458 2314 9.
1486 2283 1524 2314 Β.
1557 2299 1598 2304 Ᾰ
1635 2282 1653 2314 7

85 2320 144 2361 pia
175 2331 277 2353 meua
302 2323 379 2355 luce
404 2325 441 2355 B.
468 2343 511 2346 —
546 2322 586 2356 10
611 2329 710 2357 necte
736 2329 902 2357 ruentem
929 2344 973 2347 —
1006 2324 1049 2357 23
1074 2327 1234 2368 planmas
1260 2329 1298 2359 B.
1324 2345 1368 2349 —
1402 2326 1445 2360 25
1471 2333 1590 2360 rurent
1615 2330 1653 2360 B.

81 2381 121 2386 —
157 2363 201 2397 33
226 2368 427 2400 Hirusalem
453 2370 492 2401 Β.
518 2387 563 2390 —
595 2368 639 2401 35
674 2371 826 2412 repleam
852 2373 891 2403 Β.
916 2389 961 2393 ——
993 2370 1036 2403 36
1070 2374 1203 2415 cingier
1229 2373 1442 2415 orbeaqueat
1466 2376 1505 2406 B.
1534 2393 1577 2396 —
1610 2372 1654 2406 43

85 2420 206 2453 pagne.
232 2431 276 2434 —
300 2415 481 2446 Diimmler
506 2416 553 2453 II,
579 2413 645 2447 504
670 2427 703 2447 11.
729 2417 749 2447 f.

204 2546 284 2582 160.
322 2547 378 2589 (2.)
417 2549 593 2593 Hymnus
621 2549 662 2584 in
689 2551 834 2586 Natale
860 2552 1093 2586 sanctorum
1118 2553 1312 2589 Iohannis
1338 2555 1379 2588 et
1406 2554 1537 2589 Pauli.

356 2634 539 2675 Iohannis
571 2638 754 2685 Paulique
787 2640 887 2676 diem
916 2640 971 2677 sol
1003 2641 1132 2677 attulit
1162 2641 1257 2687 orbi,

411 2694 481 2740 Qui
514 2694 629 2731 rubra
660 2697 834 2743 martyrii
867 2702 969 2733 serta
1001 2708 1135 2734 cruore
1168 2704 1314 2744 gerunt.

351 2750 496 2799 Unicus
527 2751 594 2788 hos
625 2753 776 2799 sanguis
806 2763 984 2800 germano
1016 2753 1172 2791 foedere
1203 2755 1339 2801 iunxit,

410 2807 531 2845 Unica
562 2819 662 2845 mors
694 2808 832 2846 fratres
864 2821 1039 2857 morsque
1071 2810 1244 2858 fidesque
1277 2813 1390 2859 parit.

1375 2877 1445 2909 14*
