1785 3111
714 62 1026 103 —569—

734 175 792 207 Ad
817 176 1022 208 Primam.

89 257 124 296 1.
172 256 240 306 Tu,
275 257 339 303 qui
370 257 517 295 velatus
548 255 648 294 facie
911 259 948 297 2.
996 257 1050 296 Te
1081 257 1244 304 petimus
1275 256 1470 304 attentius⁷

173 313 309 363 Fuisti,
342 314 398 351 sol
428 313 607 361 iustitiae,
995 314 1048 352 Ut
1079 314 1129 351 sis
1160 314 1268 351 nobis
1299 313 1489 360 propitius

172 369 301 407 Flexis
331 370 465 407 illusus
496 370 666 417 genibus,
994 370 1046 408 Et
1076 381 1145 418 per
1176 377 1277 407 tuam
1310 370 1546 407 clementiam

174 426 312 464 Caesus
343 437 490 474 quoque
522 427 758 473 verberibus,
996 428 1188 465 Perducas
1219 439 1286 464 nos
1318 427 1367 464 ad
1398 427 1569 474 gloriam.

506 531 542 569 3.
589 529 704 577 Laus,
737 529 857 567 honor
889 529 1041 568 Christo
1072 529 1238 568 vendito.

729 641 791 673 Ad
816 642 1028 673 Tertiam.

90 723 126 761 1.
174 723 280 760 Hora
311 723 374 770 qui
402 722 536 760 ductus
562 723 676 760 tertia
910 725 947 760 2.
994 723 1075 759 Fac
1106 733 1173 759 nos
1205 722 1260 758 sic
1288 726 1325 758 te
1358 722 1530 769 diligere.

174 779 300 818 Fuisti
329 779 379 817 ad
410 780 610 830 supplicia,
995 778 1246 825 Sanctamque
1278 779 1394 816 vitam
1428 780 1577 818 ducere.

130 842 133 845 '
174 836 337 886 Christe,
370 834 530 873 ferendo
560 836 700 873 umeris
994 835 1048 873 Ut
1079 845 1292 872 mereamur
1322 836 1451 882 requie

175 892 333 931 Crucem
364 904 434 940 pro
465 892 573 930 nobis
604 892 765 939 miseris,
994 891 1088 929 Frui
1122 892 1296 929 caelestis
1329 893 1489 939 patriae.

507 996 542 1033 3.
590 995 707 1041 Laus⁷
739 994 859 1032 honor
891 993 1043 1032 Christo
1079 994 1246 1031 vendito.

745 1105 805 1138 Ad
833 1106 1021 1139 Sextam.

94 1188 130 1226 1.
179 1187 339 1225 Crucem
367 1198 437 1234 pro
467 1186 577 1224 nobis
608 1187 724 1224 subiit
915 1190 952 1226 2.
999 1189 1132 1225 Honor
1163 1190 1199 1223 et
1228 1186 1443 1224 benedictio

178 1243 229 1281 Et
259 1248 363 1282 stans
394 1244 432 1281 in
465 1243 532 1281 illa
564 1244 660 1280 sitiit
1001 1244 1059 1282 Sit
1089 1243 1269 1280 crucifixo
1301 1242 1392 1292 filio,

178 1301 283 1338 Iesus
314 1301 474 1338 sacratis
506 1300 678 1338 manibus
1000 1300 1071 1348 Qui
1102 1312 1167 1337 suo
1198 1312 1266 1337 nos
1298 1300 1485 1346 supplicio

179 1357 304 1395 Clavis
336 1356 460 1395 fossus
492 1362 529 1394 et
559 1357 734 1404 pedibus,
1001 1357 1179 1395 Redemit
1210 1357 1257 1394 ab
1289 1357 1491 1403 Aegyptio.

512 1460 550 1498 3.
598 1460 712 1506 Laus,
745 1459 864 1496 honor
898 1459 1051 1497 Christo
1084 1459 1250 1499 vendito,

749 1571 808 1603 Ad
833 1573 1007 1604 Nonam.

92 1654 128 1692 1.
176 1652 295 1691 Beata
327 1652 469 1692 Christi
501 1652 630 1699 passio
916 1654 954 1691 2.
1003 1652 1136 1690 Gloria
1168 1652 1320 1690 Christo
1352 1652 1527 1698 Domino,

177 1710 234 1748 Sit
265 1713 397 1747 nostra
427 1709 617 1757 liberatio,
999 1710 1070 1757 Qui
1102 1709 1272 1756 pendens
1304 1709 1341 1745 in
1372 1708 1544 1756 patibulo

174 1766 226 1805 Ut
258 1777 327 1813 per
358 1767 457 1804 hanc
487 1766 597 1803 nobis
629 1766 767 1813 gaudia
1003 1767 1181 1804 Clamans
1215 1765 1338 1803 emisit
1371 1766 1545 1812 spiritum

176 1824 317 1862 Parata
348 1824 423 1860 sint
456 1823 647 1862 caelestia.
999 1823 1259 1869 Mundumque
1287 1823 1438 1859 salvans
1459 1822 1664 1869 perditum,

505 1928 542 1964 3.
590 1925 708 1971 Laus,
742 1925 865 1962 honor
897 1925 1048 1963 Christo
1080 1925 1247 1964 vendito.

711 2037 772 2069 Ad
797 2039 1039 2079 Vesperas.

86 2119 122 2156 1.
169 2118 240 2165 Qui
270 2129 451 2165 pressura
912 2121 948 2157 3.
996 2118 1162 2155 Nostrae
1193 2118 1308 2164 genti,

169 2175 308 2212 Mortis
341 2175 436 2212 dura
994 2174 1193 2211 Recolenti

219 2223 386 2270 'Solvisti
416 2242 535 2269 nexus
567 2232 780 2280 criminum,
1054 2231 1158 2267 Tuae
1190 2230 1321 2267 mortis
1353 2229 1594 2280 supplicium,

170 2288 248 2325 Nos
279 2288 330 2325 ad
361 2299 492 2335 pacem
996 2288 1055 2324 Da
1086 2288 1265 2324 virtutem

169 2344 254 2381 Duc
284 2355 469 2395 veracem,
999 2344 1049 2381 Et
1077 2344 1249 2394 salutem,

223 2401 328 2450 Iesu,
361 2412 511 2441 corona
541 2400 753 2449 viminum.
1055 2399 1217 2447 Christe,
1235 2401 1456 2448 redemptor
1471 2402 1660 2442 omnium.

83 2505 119 2542 2.
165 2504 211 2541 In
241 2501 404 2551 flagellis
910 2507 947 2541 4.
995 2503 1038 2539 In
1070 2514 1200 2540 amara

170 2560 307 2597 Potum
339 2558 441 2597 fellis
995 2559 1126 2596 Crucis
1158 2571 1224 2597 ara

229 2616 370 2654 Bibisti
401 2617 650 2667 amarissime,
1050 2616 1202 2653 Fudisti
1233 2616 1336 2654 rivos
1368 2617 1573 2664 sanguinis,

0 2719 1 2727 ἵ
171 2675 247 2712 Pro
278 2674 446 2720 peccatis
996 2673 1082 2710 Iesu
1114 2673 1238 2723 digne,

0 2732 3 2788 l
166 2730 415 2780 Perpetratis,
995 2730 1078 2767 Rex
1108 2729 1281 2777 benigne,

0 2789 7 2942 ι
226 2786 394 2826 Aeterne
423 2798 490 2825 γεω
521 2785 725 2826 altissime.
1048 2786 1217 2825 Consors
1241 2784 1404 2833 paterni
1435 2782 1609 2825 luminis.
