1785 3111
723 106 779 112 —
838 84 918 124 509
977 106 1033 111 —

592 199 612 212 ,-

597 208 629 237 ί.

676 198 777 236 Illud
808 199 1020 245 angelicum

731 255 854 303 Igitur
883 255 1025 302 gloriae

676 312 879 350 Cantemus
911 311 1097 349 canticum

729 368 825 416 Regi
856 368 1035 414 iustitiae,

675 425 747 471 Qui
777 425 879 461 misit
909 425 1073 473 unicum,

734 483 787 521 Ut
819 482 898 518 eius
928 481 1042 519 hodie

790 538 870 575 Nos
901 549 923 575 a
953 537 1107 574 miseria

733 595 930 632 Redderet
960 592 1106 641 gratiae

789 651 1070 690 Misericordia.

183 735 249 776 Ep.
280 735 340 766 VI.
374 751 416 756 —
449 733 675 766 Scholaribus
713 735 817 765 sociis
854 734 926 765 suis
965 733 1033 765 sibi
1066 733 1255 774 plurimum
1289 730 1488 772 diligendis.
1524 748 1562 751 —
1603 730 1664 760 Am

95 779 274 812 Schlusse:
304 805 319 821 „
346 781 388 812 In
412 781 569 822 margine
594 780 744 822 paginae
770 781 943 821 respicite,
970 789 1101 819 precor,
1128 780 1162 809 et
1187 778 1330 818 recipite
1357 786 1418 817 pro
1445 786 1562 807 amore
1591 786 1666 807 meo

96 827 238 857 missum
264 826 365 857 vobis
391 836 411 857 a
437 836 489 857 me
512 825 756 857 munusculum
782 825 823 856 de
844 835 998 856 meorum
1016 823 1170 854 flosculis
1190 822 1387 853 studiorum
1408 821 1452 852 ad
1469 825 1665 852 vestrorum

96 872 348 903 recreationem
373 874 477 913 atque
503 871 672 902 solacium
697 870 936 902 laborantium
963 879 1098 910 semper
1123 870 1161 899 in
1186 867 1313 899 studiis
1332 866 1561 898 animorum&

487 1026 569 1062 345.
606 1027 664 1069 (2.)
699 1026 746 1061 In
774 1025 1090 1062 Circumcisione
1114 1024 1276 1060 Domini

708 1099 761 1129 De
788 1098 890 1129 Festo
916 1097 1051 1129 Baculi.

100 1190 136 1229 1.
183 1189 286 1228 Anni
316 1189 405 1227 novi
435 1190 581 1227 reditus

238 1245 348 1284 Nova
379 1246 508 1284 reddit
539 1246 690 1294 gaudia,

185 1304 376 1341 Concessa
408 1303 589 1341 divinitus

240 1358 429 1397 Sollennis
462 1360 609 1396 laetitia

184 1415 302 1453 Nobis
335 1416 448 1454 datur
477 1416 603 1461 hodie,

185 1473 364 1510 Datorem
394 1473 564 1510 laetitiae

241 1529 445 1567 Collaudet
476 1530 651 1567 ecclesia.

100 1617 137 1654 2.
182 1614 212 1652 Ο
242 1614 309 1652 lux
343 1615 457 1662 digna
486 1615 676 1664 laudibus,

239 1671 387 1709 Novam
417 1671 539 1709 refers
570 1673 747 1721 speciem,

184 1728 325 1765 Mediis
357 1727 563 1775 frigoribus

240 1785 406 1832 Pingens
436 1785 542 1822 urbis
572 1784 708 1822 faciem

184 1841 363 1878 Floribus
393 1842 607 1891 purpureis,

185 1898 228 1934 In
260 1898 452 1935 vernalem
483 1899 633 1936 revehis

243 1955 376 1992 Hieme
406 1956 641 2002 temperiem.

101 2041 139 2080 3.
186 2039 341 2077 Florum
373 2040 596 2087 speciositas

242 2096 458 2134 Conventus
488 2097 686 2145 nobilium,

185 2152 333 2191 Canora
361 2153 580 2191 iucunditas

240 2210 312 2248 Est
343 2215 546 2247 concentus
577 2211 715 2258 avium,

185 2265 348 2304 Fructus
379 2271 513 2304 notant
543 2278 672 2315 opera,

185 2323 397 2370 Largitoris
428 2334 586 2361 munera

241 2379 346 2416 Dant
375 2380 509 2416 messis
540 2380 734 2417 indicium.

99 2466 139 2502 4.
186 2465 287 2502 Vere
315 2463 429 2502 flores
459 2464 558 2501 varii

242 2521 294 2558 Et
325 2520 470 2558 fructus
503 2520 685 2559 amabiles

187 2577 272 2616 Viri
302 2582 390 2615 sunt
421 2578 564 2625 egregii

243 2634 295 2671 Et
324 2644 512 2681 personae
542 2634 704 2681 nobiles,

187 2690 257 2736 Qui
286 2689 425 2728 florent
454 2691 493 2728 in
525 2689 667 2738 frigore

190 2746 240 2783 Et
271 2746 435 2784 brumali
464 2752 637 2794 tempore

246 2802 342 2840 Sunt
370 2803 717 2841 immarcessibiles.

920 1193 956 1228 5.
1004 1188 1285 1226 Praeferendus
1317 1188 1454 1225 ceteris

1060 1246 1211 1283 Morum
1244 1245 1470 1282 celsitudine

1006 1302 1090 1339 Non
1122 1302 1245 1339 minus
1276 1313 1386 1348 quarn
1419 1302 1567 1349 generis

1064 1357 1295 1397 Multiformi
1324 1359 1464 1395 lumine

1007 1415 1166 1453 Serenat
1197 1416 1409 1463 ecclesiam,

1007 1472 1132 1520 Magis
1161 1476 1286 1510 autem
1319 1473 1483 1519 patriam

1061 1529 1267 1567 Luminoso
1299 1529 1464 1567 nomine.

934 1619 955 1653 ‘.
1005 1616 1169 1652 Fructus
1199 1615 1254 1651 tui
1285 1614 1456 1661 probitas

1061 1670 1155 1709 Sunt
1185 1671 1289 1708 illius
1321 1681 1449 1719 opera,

1005 1727 1106 1765 Mira
1138 1728 1244 1765 cuius
1276 1728 1435 1774 largitas

1060 1785 1242 1830 Quamvis
1275 1785 1339 1821 det
1369 1784 1578 1828 innumera,

1007 1841 1130 1888 Magis
1162 1841 1315 1888 placent
1347 1840 1533 1884 omnibus,

1005 1898 1123 1944 Quam
1155 1898 1214 1935 his
1245 1908 1316 1944 pro
1347 1896 1579 1944 muneribus,

1062 1955 1228 2002 Propter
1258 1956 1383 2001 ipsum
1415 1964 1586 1992 munera.

951 2071 958 2080 .
1007 2040 1037 2078 Ο
1069 2043 1237 2087 gestator
1267 2039 1408 2086 baculi,

1063 2097 1117 2133 Te
1148 2096 1284 2144 probat
1317 2102 1353 2132 et
1385 2095 1586 2142 praedicat

1007 2153 1110 2191 Cleri
1140 2164 1214 2190 vox
1246 2157 1282 2188 et
1313 2152 1458 2199 populi,

1063 2209 1155 2246 Tuis
1187 2209 1302 2256 gestis
1334 2209 1512 2246 vendicat

1008 2266 1151 2303 Laudis
1184 2276 1294 2303 omne
1325 2265 1475 2313 solium,

1008 2320 1055 2361 In
1086 2327 1124 2359 te
1155 2322 1276 2359 solum
1309 2323 1473 2359 omnium

1065 2379 1283 2417 Invitantur
1315 2379 1425 2416 oculi.

952 2495 960 2503 .
1008 2465 1112 2510 Quae
1142 2468 1180 2500 te
1212 2468 1321 2501 canet
1353 2463 1492 2501 debitis

1064 2520 1260 2558 Laudibus
1293 2521 1500 2565 subtilitas,

1006 2577 1191 2623 Quoniam
1221 2589 1244 2615 a
1273 2578 1419 2614 meritis

1064 2634 1230 2671 Humilis
1262 2634 1477 2671 sublimitas

1008 2690 1100 2727 Tuis
1130 2702 1205 2728 non
1238 2691 1410 2738 erigitur,

1010 2747 1125 2785 Cuius
1157 2757 1239 2784 esse
1270 2747 1440 2784 noscitur

1067 2803 1248 2841 Sublimis
1280 2802 1487 2840 humilitas,
