1785 3111
146 570 211 608 18.

148 981 212 1018 19.

144 1395 212 1433 20.

150 1806 216 1844 21.

147 2695 235 2717 saec.
270 2684 322 2717 13.

771 65 826 70 —
885 43 968 83 600
1030 65 1110 106 “⁷

205 190 212 197 .
259 157 382 202 Salve,
414 156 549 205 grandi
583 166 666 192 cum
698 156 829 193 dolore

258 214 381 250 Iesum
417 212 612 249 madidum
645 222 777 249 cruore

314 271 481 308 Cernens
512 269 551 305 in
582 268 774 315 patibulog

258 325 333 363 Sed
365 326 452 362 hinc
483 325 605 362 minus
639 325 804 375 doluisti,

255 383 363 430 Quod
394 382 491 418 hunc
522 382 601 428 pati
633 381 831 419 credidisti

311 440 385 476 Pro
416 438 599 475 salvando
630 439 792 476 saeculo.

258 568 382 617 Salve,
415 569 547 605 salutis
579 569 747 616 alumna,

257 625 381 669 Salve,
415 624 507 661 fidei
540 625 728 673 columna,

311 680 355 720 In
388 693 459 728 qua
490 680 587 718 fides
619 680 761 729 floruit,

255 739 413 784 Quando
443 748 628 784 percusso
659 743 813 785 pastore

258 794 362 832 Grex
396 795 590 841 dispersus
623 800 680 831 est
713 795 849 833 timore

311 852 361 889 Et
393 851 431 888 in
461 850 537 888 fide
568 852 722 889 corruit.

259 980 382 1028 Salve,
415 982 538 1017 Iesum
570 981 866 1028 triumphantem

255 1036 305 1074 Et
338 1037 527 1075 infernum
558 1037 784 1085 spoliantem

315 1094 553 1140 Cognoscens
587 1105 667 1130 cun]
699 1095 850 1140 gaudio,

254 1149 304 1186 Et
336 1155 420 1196 post
453 1158 613 1187 mortem
636 1151 736 1187 vitae
760 1151 888 1188 datum

255 1206 376 1253 Yique
408 1218 474 1244 sua
505 1208 738 1246 suscitatum.

313 1263 492 1300 Gaudens
527 1264 596 1301 tali
627 1263 717 1303 filio.

261 1393 389 1439 Salve,
422 1394 541 1440 virgo,
574 1394 707 1430 videns
738 1394 837 1432 laeta

258 1450 366 1487 Mala
397 1450 528 1487 mundi
560 1456 643 1496 post
677 1451 802 1488 deleta

321 1506 644 1544 Conscendenten]
677 1508 809 1557 filiurn,

260 1562 384 1609 Super
415 1563 549 1600 solium
582 1564 745 1600 caeleste

262 1619 518 1656 Concurrente
550 1621 660 1658 turba
691 1626 788 1657 teste

309 1676 463 1714 ‘Civium
497 1678 728 1717 caelestium.

263 1805 396 1852 Salve.
442 1807 609 1853 gaudens
642 1807 895 1855 contemplata

262 1861 320 1899 De
353 1863 526 1908 supernis
558 1863 746 1900 destinata

317 1919 480 1955 Munera
515 1918 725 1968 discipulis,

260 1975 370 2012 quta
401 1974 470 2011 filii
503 1976 728 2021 promissum

262 2031 445 2077 Spiritum
479 2031 524 2068 de
557 2032 672 2069 caelis
703 2033 857 2069 missum

318 2088 442 2134 Igneis
473 2088 511 2124 in
543 2088 708 2138 lingulis.

508 2226 574 2263 27.
622 2225 778 2262 Cessent
810 2224 875 2260 alii
907 2234 1066 2270 amores,

963 159 1027 195 22.

970 570 1037 607 23.

965 983 1032 1020 24.

967 1396 1033 1433 25.

968 1809 1033 1845 26.

1078 156 1201 206 Salve,
1235 157 1393 194 caelitus
1423 162 1629 208 assumpta,

1075 212 1160 249 Non
1181 223 1286 250 mens
1309 213 1401 260 sola,
1424 214 1492 250 sed
1514 218 1711 262 resumpta

1133 268 1312 316 Corporis
1343 270 1570 317 substantia,

1072 325 1150 363 Ubi
1180 327 1261 363 sola
1291 331 1328 363 te
1355 327 1605 374 transcendit,

1075 382 1171 420 Olim
1209 383 1248 419 in
1279 387 1316 419 te
1346 383 1408 429 qui
1441 383 1651 431 descendit,

1131 439 1322 476 Incarnati
1353 440 1488 486 gloria.

1085 568 1210 616 Salve,
1243 568 1354 606 iubar
1384 569 1585 619 singulare,

1084 625 1187 662 Caeli
1217 626 1351 662 summi
1382 626 1567 662 luminare

1138 682 1225 718 Toti
1255 682 1395 719 mundo
1426 682 1594 730 radians,

1083 739 1313 777 Universum
1348 743 1601 776 restauratum

1082 796 1155 833 Per
1186 799 1223 831 te
1256 796 1391 832 ridens
1423 799 1459 831 et
1482 795 1714 833 substratum

1138 850 1225 888 Tibi
1259 852 1371 899 digne
1401 852 1582 898 glorians,

1082 981 1207 1028 Salve.
1240 982 1346 1029 virgo
1377 987 1456 1019 tam
1488 982 1674 1032 sublimis,

1080 1038 1303 1076 Carceratos
1334 1049 1401 1075 nos
1433 1038 1473 1075 in
1503 1038 1588 1075 imis

1134 1095 1255 1132 Prece
1287 1100 1350 1132 tua
1383 1095 1517 1142 libera,

1079 1152 1122 1189 In
1154 1156 1191 1187 te
1221 1152 1309 1188 iuva
1341 1151 1573 1188 confidentes

1076 1208 1127 1245 Et
1160 1207 1295 1244 devote
1327 1213 1567 1244 recensentes

1132 1264 1234 1301 Data
1263 1264 1334 1300 tibi
1364 1275 1532 1302 munera.

1080 1394 1203 1440 Salve,
1237 1394 1318 1431 sola
1349 1405 1435 1443 spes
1467 1394 1614 1444 salutis,

1080 1451 1158 1488 Nos
1190 1452 1228 1487 in
1259 1451 1360 1487 valle
1385 1451 1579 1488 servitutis

1136 1509 1292 1545 Pressos
1323 1511 1376 1544 tot
1408 1507 1571 1544 miseriis

1079 1565 1169 1601 Iuva
1202 1564 1264 1610 pia
1296 1568 1496 1613 potestate,

1079 1620 1334 1657 Tabescentes
1367 1625 1533 1668 egestate

1136 1677 1227 1714 Tuis
1258 1677 1365 1723 reple
1395 1677 1559 1724 gaudiis.

1082 1807 1163 1844 Hoc
1193 1807 1232 1844 in
1263 1806 1347 1857 fine,
1381 1811 1514 1856 mater,
1547 1818 1625 1851 oro,

1081 1864 1188 1900 Votis
1219 1864 1308 1900 totis
1340 1863 1410 1900 hoc
1440 1864 1617 1910 imploro,

1139 1920 1333 1967 Virginum
1365 1920 1549 1968 piissima,

1079 1977 1114 2013 A
1145 1987 1204 2012 ine
1237 1976 1343 2024 diligi
1376 1977 1533 2024 dignare

1079 2032 1129 2069 Et
1161 2043 1219 2068 me
1253 2033 1365 2080 digne
1396 2032 1456 2070 fac
1488 2044 1615 2071 amare

1135 2089 1200 2130 Te,
1233 2089 1340 2135 virgo
1373 2090 1603 2130 dulcissima.

621 2281 692 2319 Tui
725 2281 880 2318 trahant
911 2291 970 2317 me
1001 2281 1138 2318 odores

678 2338 728 2374 Et
761 2338 967 2374 incendant
999 2337 1166 2384 gratiae2

622 2394 704 2430 Hoc
737 2394 912 2431 detinear
943 2394 1134 2441 languore,

622 2450 705 2487 Hoc
736 2450 874 2486 nutriri
906 2450 955 2487 da
989 2450 1143 2487 dulcore

675 2507 738 2543 Ad
776 2506 971 2543 obtentum
1002 2507 1158 2553 gloriae.

237 2639 380 2672 Collect.
416 2651 480 2671 ms.
505 2640 691 2681 Anglicum
726 2651 816 2673 saec.
846 2640 896 2673 13.
947 2641 1029 2674 Cod.
1059 2641 1146 2673 Coll.
1173 2641 1310 2673 Balliol.
1337 2641 1507 2672 Oxonien.
1533 2637 1609 2672 230.
1635 2640 1713 2673 add.

357 2687 396 2717 A.
432 2702 474 2708 -—-
511 2685 654 2717 Collect.
686 2696 749 2717 ms.
784 2687 945 2718 Italicum
976 2697 1065 2718 saec.
1094 2685 1145 2717 14.
1196 2686 1278 2718 Cod.
1304 2686 1472 2717 Marciam.
1498 2686 1546 2716 VI
1575 2684 1648 2717 174.
1673 2685 1712 2717 B.

149 2750 191 2754 —-
220 2731 362 2763 Collect.
396 2741 458 2762 ms.
486 2731 721 2762 Dunelmense
754 2742 841 2764 saec.
878 2730 930 2763 14.
957 2742 1009 2763 ex.
1059 2731 1143 2763 Cod.
1169 2731 1361 2764 Londinen.
1388 2731 1471 2771 Reg.
1498 2728 1517 2761 ’ἲ
1543 2731 1572 2761 Α
1590 2732 1649 2762 VI.
1675 2729 1713 2762 C.

146 2794 190 2797 —
215 2776 310 2808 Orat.
338 2787 399 2808 ms.
425 2776 601 2818 Augiense
628 2786 717 2807 saec.
745 2775 831 2809 ¹415.

881 2777 964 2809 Cod.
991 2777 1237 2809 Carolsruhan.
1264 2777 1351 2818 Aug.
1378 2773 1432 2808 3⁴5.
1460 2777 1501 2807 D.
1528 2794 1570 2798 —
1592 2775 1711 2808 Rotuli
