1785 3111
758 90 1067 129 —214—

340 205 417 244 Sub
451 205 606 253 proprio
638 204 838 241 abscondit
871 205 1037 241 thalamo
1068 205 1236 251 velisque
1268 205 1427 241 sacratis

335 262 535 300 Obtectum
569 266 677 307 grata
708 261 862 298 nimium
894 260 1062 299 confovit
1092 262 1129 298 in
1161 261 1306 300 umbra.

338 319 411 355 Hic
442 328 501 354 me
532 318 756 364 praevalida
787 318 869 354 saxi
901 318 1072 367 sublimis
1103 319 1141 355 in
1172 328 1259 355 arce

247 379 299 415 20
334 374 537 414 Constituit
571 385 777 421 saevosque
808 385 922 420 super
951 375 1039 421 pius
1071 375 1206 411 extulit
1235 375 1375 422 hostes,

333 433 413 478 Quo
445 431 619 468 subiecta
650 442 754 467 meus
785 435 926 468 temnet
959 432 1165 468 certamina
1197 435 1341 469 vertex.

334 488 403 526 Ibo
440 488 555 534 igitur
586 488 684 524 sacri
716 489 933 524 veneranda
964 499 1033 534 per
1064 489 1162 525 atria
1192 488 1324 534 templi

340 546 398 582 Ac
429 556 563 581 munus
595 545 748 581 laudum
781 544 924 583 Christi
957 546 1113 581 devotus
1146 545 1193 581 ad
1224 556 1329 581 aram

342 602 562 638 Persolvam
595 602 837 647 gaudensque
867 602 985 638 melos
1017 605 1053 638 et
1085 601 1252 638 carmina
1284 601 1418 638 dicam.

256 662 305 698 25
339 659 368 695 Ο
398 659 513 703 Deus7
547 658 714 695 aetherei
747 669 880 694 censor
910 658 1108 694 mitissime
1138 659 1256 704 regni,

333 715 464 753 Pande
498 714 715 752 salutiferas
746 716 898 751 maestis
931 715 1158 752 clamoribus
1189 725 1312 761 aures,

333 774 507 818 Quosque
540 782 691 818 gemens
723 770 854 818 fundo,
887 772 1087 809 miseratus
1120 772 1265 818 respice
1294 770 1417 808 fletus.

336 829 390 865 'l‘e
421 839 503 865 mea
535 829 615 865 vult
646 827 774 876 facies,
809 833 845 864 te
876 839 992 878 mens,
1025 833 1062 864 te
1094 829 1210 865 corda
1241 831 1458 874 precantur,

340 886 592 932 Conspectum
624 884 835 931 faciemque
866 890 981 931 tuam,
1016 891 1123 932 pater
1153 886 1263 931 alme,
1297 884 1458 930 requiro,

257 945 306 983 30
341 942 446 979 Neve
477 942 559 988 pios
592 942 720 978 oculos
752 946 921 979 sanctum
954 953 1026 979 neu
1058 942 1237 979 subtrahe
1270 942 1413 978 vultum

340 999 425 1036 Neu
457 997 653 1044 famulum,
688 999 883 1041 Dominus,
916 999 1017 1035 bello
1048 999 1288 1035 incumbente
1319 998 1502 1043 relinque.

335 1057 430 1093 Esto
463 1055 555 1091 mihi
588 1056 749 1091 clemens
781 1055 905 1103 potius
937 1055 1111 1102 fidusque
1142 1060 1323 1102 patronus

336 1113 417 1149 Nec
450 1123 508 1148 nie
542 1116 797 1159 contemptum
831 1113 1055 1149 truculentis
1089 1114 1221 1149 (lesere
1252 1111 1442 1148 monstris.

333 1170 458 1207 Meme
491 1169 632 1216 quippe
664 1168 736 1205 feri
768 1170 957 1215 quondam
988 1169 1132 1215 liquere
1164 1175 1354 1216 parentes,

254 1229 304 1265 35
338 1227 391 1264 At
423 1226 542 1263 bonus
575 1226 635 1262 hic
668 1226 849 1263 Dominus
883 1226 983 1263 dulci
1015 1226 1156 1272 pietate
1187 1224 1337 1263 refovit.

334 1284 465 1322 Pande
495 1282 587 1319 mihi
621 1287 765 1319 rectum
797 1283 983 1329 perplexa
1015 1294 1086 1330 per
1115 1283 1200 1320 avia
1233 1283 1365 1319 callem

334 1340 446 1386 Legis
478 1340 726 1377 etleximiam
760 1339 887 1376 tribue
919 1339 1064 1386 fulgere
1097 1341 1301 1381 lucernam,

339 1397 397 1433 Ne
430 1396 531 1433 ferro
563 1398 752 1433 accinctos
786 1397 977 1433 incurram
1010 1397 1158 1433 nescius
1192 1397 1330 1441 hostes,

343 1454 417 1492 Sed
453 1453 547 1490 duce
579 1458 616 1489 te
647 1454 801 1499 gradiar
832 1454 984 1491 inimica
1016 1465 1085 1500 per
1115 1454 1264 1500 agmina
1294 1457 1410 1491 tutus,

252 1512 304 1549 40
337 1511 434 1547 Nam
468 1520 525 1546 me
558 1508 750 1557 falsiloqui
782 1510 981 1547 cinxerunt
1016 1511 1182 1557 undique
1214 1514 1353 1557 testes3

338 1567 402 1604 Nil
435 1571 559 1603 tamen
591 1567 777 1603 insontem
810 1568 1007 1604 mendacia
1038 1578 1134 1604 vana
1166 1567 1365 1611 nocebunt,

337 1624 411 1661 Sed
445 1624 609 1660 mendax
643 1624 838 1670 proprium
871 1624 1040 1669 portabit
1071 1624 1199 1670 lingua
1230 1628 1388 1661 reatum.

303 1696 306 1700 ¹
335 1683 407 1717 Ast
439 1692 507 1727 ego
539 1679 700 1721 confido,
736 1681 886 1717 Domini
919 1682 1018 1727 quod
1050 1681 1188 1727 gaudia
1218 1681 1325 1726 larga

336 1738 451 1774 Vitali
483 1738 521 1774 in
556 1737 681 1783 patria
712 1738 833 1774 lactus
866 1738 946 1774 sine
977 1737 1050 1774 fine
1083 1737 1232 1775 videbo.

255 1795 307 1832 45
340 1794 535 1840 Exspecta
566 1794 768 1830 Dominum
801 1794 989 1830 constanti
1021 1794 1135 1831 eorde
1167 1793 1381 1839 benignum,

345 1851 503 1897 Semper
535 1856 571 1886 et
601 1851 773 1887 adversis
805 1850 962 1897 conflige
994 1851 1156 1887 viriliter
1185 1851 1312 1898 0111115,

336 1907 431 1944 Nam
465 1908 563 1944 hona
596 1909 772 1954 perpetui
803 1909 952 1954 patiens
985 1907 1080 1944 feret
1113 1907 1243 1944 inclita
1276 1906 1395 1954 regni.

223 2020 305 2053 Cod.
332 2020 482 2052 Parisin.
509 2017 609 2051 7558.
647 2030 736 2050 saec.
763 2018 793 2051 9.
820 2037 863 2041 —
899 2018 919 2050 3
945 2023 977 2051 et
1003 2020 1097 2054 fehlt,
1124 2036 1166 2040 —
1199 2017 1218 2050 5
1245 2019 1367 2050 hostis.
1393 2035 1437 2040 —
1471 2014 1511 2047 13
1536 2016 1629 2047 anni.
1654 2032 1698 2037 --

132 2064 175 2097 22
201 2076 310 2097 sacra.
344 2084 387 2087 —
421 2063 463 2096 27
490 2066 573 2096 fleti.
602 2083 641 2086 —
664 2063 704 2097 31
735 2065 824 2096 bello
851 2065 946 2097 fehlt.
972 2083 1015 2085 —
1047 2063 1091 2096 38
1117 2066 1282 2096 acinetos.
1308 2081 1351 2085 ——
1384 2061 1427 2096 39
1455 2064 1550 2094 tutis.
1579 2078 1623 2082 —
1655 2058 1700 2092 43

129 2112 222 2143 Aest.
250 2131 290 2134 ffl
318 2111 499 2143 Diiniinler
524 2112 570 2147 ΙΙ,
595 2108 660 2142 535
686 2111 717 2141 ff.

394 2267 474 2303 163.
512 2268 569 2309 (5.)
604 2268 857 2312 Epigramma
882 2267 1034 2303 Psalmi
1061 2267 1240 2302 vicesimi
1267 2266 1436 2311 septimi.

148 2374 183 2413 1.
216 2373 279 2411 Ad
310 2377 359 2419 te,
392 2373 566 2419 polorum
598 2374 785 2419 conditor,
970 2375 1007 2411 3.
1040 2373 1142 2410 Audi
1174 2372 1364 2419 precantis
1395 2371 1519 2419 anxia,

218 2430 391 2468 Clamore
422 2430 585 2476 supplex
618 2429 753 2467 intimo
1043 2431 1159 2468 Pater
1189 2439 1375 2475 supreme,
1408 2438 1610 2474 murmura,

216 2486 353 2523 Votum
378 2496 605 2533 precemque
641 2486 786 2533 dirigo:
1041 2486 1139 2523 Dum
1171 2486 1313 2531 templa
1344 2484 1438 2522 caeli
1469 2485 1517 2521 ad
1549 2483 1670 2521 ardua

215 2543 357 2581 Aurem
389 2543 572 2588 benignus
609 2545 820 2581 commoda.
1041 2543 1154 2580 Elata
1185 2543 1276 2578 tollo
1308 2541 1475 2579 brachia.

148 2647 184 2684 2.
217 2645 314 2683 Nam
348 2645 380 2681 si
411 2644 486 2681 tuis
517 2645 680 2682 oraculis
969 2648 1005 2683 4.
1040 2645 1097 2682 Ne
1128 2655 1186 2680 me
1218 2645 1399 2691 scelestis,
1433 2643 1600 2687 obsecro,

215 2702 377 2748 Indigna
407 2705 512 2748 gesto
543 2705 711 2747 pectora,
1038 2702 1088 2738 Et
1117 2701 1328 2738 criminosis
1358 2700 1526 2737 coetibus

215 2759 286 2795 His
318 2761 425 2795 exsto
453 2757 525 2794 iam
560 2758 785 2804 simillimus,
1035 2758 1199 2795 Mixtum
1232 2758 1361 2794 trahas
1392 2757 1441 2794 ad
1472 2756 1601 2792 intima

216 2815 297 2852 Imo
328 2818 509 2851 vorantur
539 2814 601 2860 qui
634 2814 729 2853 lacu.
1034 2815 1184 2852 Poenae
1218 2814 1364 2851 voracis
1394 2814 1567 2862 Tartara,
