1785 3111
62 158 135 195 6a.
178 156 295 194 Vultu
326 159 414 193 sunt
443 155 594 192 leonino

175 213 224 250 ad
256 212 510 250 resistendum

174 268 328 306 fortiter
360 269 534 312 diabolo;

62 373 132 412 7a.
175 372 238 410 Sic
268 376 356 409 sunt
387 372 498 421 enim,
530 371 696 421 Christe,

173 429 381 476 quadrigae

172 490 261 522 tuae
291 486 464 536 salvatio,

63 589 131 626 Sa.
178 587 324 635 Auriga
353 587 409 624 tui
440 598 572 625 currus

174 654 288 691 super
317 645 386 681 hos
415 655 529 691 equos

174 701 375 749 scandens,
406 701 580 750 Domine,

62 805 133 845 9a.
175 804 231 843 Ut
260 802 432 841 subvecti

174 860 246 898 hoc
276 860 314 897 in
345 871 457 897 curru

178 917 294 954 maris
326 917 372 954 de
403 917 567 954 tumultu

177 978 327 1022 portum
358 978 565 1021 perpetuae

178 1031 438 1078 contingamus
467 1031 628 1078 patriae.

803 39 885 80 369
945 61 996 67 —

881 154 954 193 61).

885 370 957 409 71).

882 587 953 627 8b.

878 802 952 842 9b.

994 153 1173 200 Aquilam
1203 157 1293 188 tunc
1323 151 1555 201 exprimunt,

993 211 1031 247 in
1064 220 1194 246 verum
1227 209 1344 246 solem

994 266 1112 315 figunt
1144 271 1185 303 ut
1217 266 1410 305 intuitum.

999 368 1221 416 Quadrifida
1255 379 1366 405 cruce

996 438 1105 473 quam
1138 431 1243 462 rotae

997 485 1088 520 dant
1119 482 1373 529 evangelicae.

998 586 1106 623 Viam
1138 583 1199 622 fac
1231 585 1335 632 equis
1368 585 1442 620 tuis

994 643 1033 679 in
1064 643 1144 679 luto
1175 642 1292 678 multo

996 699 1116 736 nostri
1146 699 1324 745 pectoris,

993 801 1071 840 Ubi
1103 804 1268 847 sanctus,

992 861 1157 903 sanctus,
1189 861 1342 894 sanctus

991 919 1080 952 nato
1110 915 1226 951 maris
1258 914 1392 952 stellae

992 972 1062 1009 tibi
1095 972 1297 1008 clamemus

992 1029 1051 1066 his
1083 1039 1165 1066 cum
1195 1027 1434 1066 animalibus

508 1134 573 1172 10.
619 1134 785 1180 Quorum
815 1133 864 1170 sit
895 1132 1004 1170 nobis

622 1190 816 1227 oculorum
847 1189 1052 1227 multitudo

619 1246 740 1284 bonae
770 1247 871 1284 vitae
902 1245 1200 1292 circumspectio.

153 1360 257 1393 Grad.
291 1371 354 1392 ms.
390 1360 647 1400 Secovienseff)
679 1370 768 1392 saec.
796 1358 846 1392 12.
899 1359 980 1391 Cod.
1007 1358 1249 1390 Vindoboneu.
1279 1353 1404 1387 13:314.
1431 1354 1508 1386 add.
1534 1364 1627 1385 saec.

64 1404 116 1438 12.
142 1407 182 1438 A.
203 1423 243 1427 ——
263 1405 426 1448 sequent.
452 1416 514 1437 ms.
533 1406 743 1438 Secoviense
769 1416 858 1437 saec.
886 1403 937 1437 12.
981 1405 1063 1437 Cod.
1090 1404 1255 1436 Graecen.
1285 1399 1381 1433 1584.
1408 1402 1445 1432 B.
1463 1418 1508 1422 —
1525 1401 1623 1431 Miss.

60 1463 124 1484 ms.
143 1451 352 1484 secoviense
376 1462 466 1483 saec.
494 1449 545 1482 12.
571 1462 623 1483 ex.
657 1451 741 1483 Cod.
759 1452 926 1484 Graecen.
950 1449 1017 1483 479
1047 1450 1083 1482 C.
1102 1467 1143 1471 —
1162 1448 1265 1480 Grad.
1284 1458 1347 1478 ms.
1365 1446 1622 1479 ottoburanum

62 1507 152 1529 saec.
180 1495 232 1529 12.
273 1497 358 1528 Clm.
384 1497 566 1528 Monacen.
592 1495 719 1529 27130.
740 1498 787 1573 DE
801 1498 990 1565 ——Hymn
1018 1500 1051 1527 et
1068 1496 1231 1537 Sequent
1257 1504 1318 1524 ms.
1338 1492 1621 1523 Emmeramense

61 1553 150 1576 saec.
180 1541 230 1574 15.
281 1541 731 1575 Clm.Monacen.14667.

153 1587 220 1627 2a,
254 1585 275 1619 3
300 1589 487 1630 loquentur
509 1589 557 1628 B3
588 1589 745 1630 loquitur
770 1590 812 1620 D.
837 1607 882 1612 —
911 1586 958 1620 3a
982 1588 1053 1620 und
1078 1589 1099 1620 1)
1124 1585 1324 1629 umgestellt
1348 1584 1415 1615 BC.
1444 1601 1487 1605 —
1511 1579 1577 1620 31),
1604 1578 1625 1612 3

62 1638 221 1666 eructans
254 1634 324 1666 AB.
348 1651 395 1655 ——
418 1632 486 1673 51),
519 1631 540 1666 3
567 1635 604 1666 in
629 1644 691 1665 ara
714 1635 827 1665 crucis
853 1635 897 1667 D.
922 1651 966 1655 —
992 1632 1058 1674 72,
1093 1632 1109 1666 1
1135 1633 1205 1664 Hic
1231 1636 1311 1662 sunt
1338 1631 1404 1661 BC.
1432 1646 1473 1650 —
1499 1624 1569 1665 81),

62 1681 98 1711 in
123 1680 231 1712 multo
256 1679 330 1711 luto
356 1680 398 1711 D.

132 2836 296 2869 Dreves,
322 2839 526 2866 Lateinisehe
547 2839 836 2873 Hymnendichter.
876 2841 918 2868 ΙΙ.

1605 1624 1626 1657 2
