1785 3111
117 186 168 220 19.
205 188 259 219 Tu
284 187 353 217 dux
378 185 494 222 moris,
520 184 589 215 dux
614 183 765 224 pudoris,

250 233 372 263 Iuncta
397 230 512 261 choris
536 229 683 270 gratiae,

205 279 285 310 Non
310 276 424 307 divisa
449 285 485 306 es
511 275 635 315 gavisa

249 323 330 353 Iesu
355 322 431 352 visa
455 321 555 352 facie.

116 399 171 434 20.
208 402 291 433 Istis
316 401 417 431 factis
443 403 476 431 et
501 400 650 441 peractis

250 446 390 477 Throno
416 446 526 486 patris
551 445 711 476 dexterae

205 491 410 523 Exaltatum
436 494 469 522 et
494 490 647 522 levatum

252 536 359 568 Vides
384 539 504 567 natum
530 536 705 567 scandere.

115 613 171 648 21.
209 616 320 647 Tuam
346 615 489 657 prolem,
515 625 634 646 verum
662 615 781 655 solem,

255 662 520 702 Praeceptor-em
546 660 637 698 fidei,

210 707 437 748 Sempiternis
465 710 497 738 et
523 707 677 747 paternis

255 753 386 794 Regnis
412 752 527 783 cernis
553 751 683 783 invehi.

123 829 176 862 22.
214 833 324 871 Quem
350 833 483 863 sineere
508 841 663 862 meruere

260 877 336 908 Tua
361 877 449 908 ferre
475 878 621 915 viscera,

217 919 295 954 Stat
321 922 422 954 elatis
448 922 661 953 conculcatis

255 968 330 999 Rex
355 968 392 998 in
417 968 527 1008 patris
553 967 703 999 dextera.

119 1044 174 1078 23.
212 1047 289 1078 Stat
315 1049 489 1088 protector
515 1050 549 1077 et
574 1049 765 1087 provector,

256 1091 323 1123 Sed
351 1095 385 1122 et
409 1095 522 1122 rector
547 1093 711 1135 omnium,

210 1138 285 1169 Rex
313 1140 515 1168 cunctorum
543 1137 760 1168 saeculorum

258 1183 363 1224 Regit
387 1182 550 1213 thronum
576 1183 737 1223 patrium.

126 1259 182 1294 24.
217 1262 283 1294 Cui
310 1263 429 1293 iuncta
455 1265 488 1293 et
513 1265 692 1303 assumpta

263 1307 375 1347 Super
399 1311 524 1338 cuneta
548 1307 695 1345 tolleris,

217 1353 417 1390 Coronaris,
444 1352 513 1384 dux
538 1354 674 1383 vocaris

262 1399 400 1437 Terrae,
429 1399 545 1435 maris
573 1398 735 1429 aetheris.

121 1475 176 1509 25.
213 1477 426 1519 Angelorum
457 1481 490 1509 et
516 1482 713 1509 sau-:torum

259 1526 404 1555 Omnem
430 1523 572 1554 chorum
599 1524 772 1554 transiens

212 1568 262 1600 Es
288 1568 448 1600 sublimis
474 1568 565 1599 facta
590 1570 693 1599 nimis

260 1614 403 1645 Summa
429 1615 509 1645 imis
535 1615 670 1645 uniens.

126 1691 180 1726 26.
217 1693 457 1734 Principatum
484 1696 517 1724 et
542 1694 728 1734 primatum

261 1740 364 1770 quta
389 1743 509 1770 natum
535 1739 684 1776 obtines,

217 1783 316 1815 Sicut
341 1784 417 1822 soli,
448 1785 497 1815 sie
523 1788 602 1815 suut
628 1784 698 1825 poli

261 1829 341 1860 Tibi
368 1830 467 1870 proni
495 1829 645 1860 ordines.

124 1905 178 1939 27.
215 1909 257 1939 In
283 1908 433 1939 sollenni
459 1912 492 1940 et
517 1910 659 1949 perenni

262 1952 395 1984 Summi
422 1955 517 1995 regni
543 1954 656 1994 gloria

216 1999 424 2039 Imperatr-ix
449 2003 483 2030 et
508 1999 675 2030 salvatrix

260 2045 409 2086 RegnaS,
436 2044 534 2075 radix
561 2046 668 2085 regia.

125 2119 179 2153 28.
216 2123 297 2153 Dux
323 2126 481 2159 venusta,
508 2122 576 2153 dux
603 2126 762 2163 augusta,

265 2166 396 2199 Sedens
423 2168 521 2198 iuxta
546 2166 655 2198 filium

218 2212 321 2244 Celsa
348 2213 428 2244 sede
456 2213 639 2251 intercede,

264 2258 363 2289 Nunc
390 2268 451 2299 pro
477 2269 580 2300 grege
605 2259 774 2299 gentium.

856 70 939 110 478

932 181 985 215 29.

933 395 987 430 30.

937 612 991 646 31.

943 1043 997 1078 33.

945 1259 1002 1293 34.

945 1690 998 1725 36.

947 2120 1001 2154 38.

1022 183 1221 215 Ascendisti
1247 186 1281 215 et
1306 183 1428 215 sedisti

1068 230 1192 261 Iuncta
1217 228 1347 260 Christi
1371 228 1485 266 lateri,

1023 274 1237 313 Claritatem,
1262 277 1479 305 venustatem

1067 321 1149 361 Ipsa
1178 326 1360 360 praestans
1385 319 1528 350 aetheri.

1025 399 1135 430 Nobis
1161 402 1254 436 nata,
1280 399 1382 430 nobis
1407 398 1499 436 data,

1070 444 1237 476 Exaltata
1261 444 1363 475 nobis
1389 452 1436 482 eS‚

1025 489 1072 521 Et
1097 500 1158 531 pro
1184 490 1297 528 nobis,
1322 491 1482 531 princeps
1508 490 1613 527 orbis,

1072 535 1313 576 Redemptoris
1340 539 1449 567 mater
1476 546 1522 567 es.

1031 615 1107 654 Quo
1133 618 1166 646 te
1192 616 1297 656 rapis,
1323 616 1444 646 vivens
1470 614 1570 656 lapis,

1076 661 1151 699 Quo
1178 660 1297 691 evadis
1324 660 1438 693 altior,

1028 707 1215 738 Restitutis
1241 705 1310 737 dux
1332 706 1484 742 virtutis,

1075 752 1150 790 Quo
1176 761 1230 782 me
1254 751 1346 793 fugis
1371 750 1522 782 celsior?

991 856 997 862 .
1034 832 1124 867 Huc,
1150 831 1280 872 regina,
1306 833 1339 861 te
1364 830 1506 862 inclina,

1081 875 1205 907 Caelos
1231 876 1337 917 digna
1362 885 1492 916 regere,

1033 922 1173 962 Regnas
1199 921 1317 959 caelis,
1342 921 1411 952 dux
1435 920 1558 959 fidelis,

1080 967 1131 998 Ne
1157 977 1211 998 me
1237 966 1324 998 velis
1349 967 1476 1008 fugere.

1038 1045 1204 1077 Exultata
1230 1050 1263 1077 et
1288 1046 1403 1077 levata

1081 1091 1192 1132 Super
1217 1091 1287 1122 alta
1313 1091 1473 1127 siderum,

1033 1136 1284 1177 Amplexanda,
1312 1136 1522 1174 veneranda,

1079 1182 1193 1213 Mater
1218 1182 1346 1214 blanda
1371 1192 1572 1223 pauperum.

1038 1261 1087 1293 Te
1113 1266 1338 1303 quaerentem
1363 1266 1397 1293 et
1423 1265 1615 1293 currentem

1083 1308 1167 1338 Post
1193 1311 1224 1338 te
1254 1311 1401 1338 mentem
1427 1308 1571 1345 sustine,

1035 1353 1091 1384 Me
1118 1354 1253 1384 interne
1279 1356 1312 1384 et
1337 1356 1491 1384 materne

1081 1399 1210 1429 Mentis
1235 1408 1336 1429 cerne
1362 1398 1503 1429 lumine.

996 1500 1003 1508 .
1041 1478 1069 1510 O
1096 1477 1256 1508 sublimis
1282 1478 1374 1509 facta
1399 1479 1502 1508 nimis

1080 1522 1176 1554 Caeli
1201 1524 1410 1564 primiceria,

1035 1569 1063 1600 O
1089 1573 1264 1610 provecta,
1290 1579 1341 1600 me
1369 1573 1529 1609 exspecta

1080 1615 1225 1646 Donans
1252 1618 1345 1645 reeta
1374 1615 1501 1645 omnia.

1035 1694 1150 1724 Maior
1175 1693 1271 1724 eaelo
1298 1697 1330 1725 te
1356 1693 1481 1724 anhelo

1083 1738 1214 1780 Culpae
1239 1739 1309 1770 telo
1337 1740 1486 1770 saueius,

1035 1784 1084 1815 Te
1111 1785 1259 1825 requiro,
1286 1788 1319 1815 te
1346 1785 1483 1825 suspiro

1080 1829 1204 1861 Morbo
1230 1829 1305 1861 diro
1331 1831 1465 1860 anxius.

988 1932 994 1939 .
1035 1909 1170 1950 Sponsa
1195 1909 1271 1949 Dei,
1299 1909 1439 1950 placens
1468 1910 1499 1940 ei

1034 1969 1037 1971 >
1080 1954 1131 1985 Ad
1157 1958 1190 1985 te
1216 1955 1283 1985 mei
1313 1954 1403 1985 oculi

1034 2000 1249 2040 Dirigautur,
1278 2000 1307 2030 si
1333 2004 1532 2041 gravantur,

1082 2046 1209 2075 Curam]
1235 2055 1314 2086 gere
1341 2045 1481 2076 servuli.

1039 2123 1159 2163 Surge,
1188 2122 1326 2160 blanda,
1353 2132 1465 2164 surge.
1493 2127 1624 2159 sancta,

1085 2171 1205 2209 Surge,
1231 2178 1355 2209 magna
1382 2167 1532 2206 domina,

1038 2212 1159 2254 Surge,
1186 2223 1283 2244 curre
1310 2216 1343 2244 et
1368 2223 1528 2244 succurre

1085 2260 1208 2290 Carnis
1234 2269 1294 2290 ure
1321 2259 1477 2289 crimina.

552 2335 605 2369 39.
646 2338 870 2369 Consolatrix
895 2341 929 2369 et
953 2338 1132 2375 salvatrix,

691 2384 785 2415 Iesse
811 2383 920 2421 radix,
947 2383 1084 2421 adveni,

644 2429 697 2460 Ad
723 2432 756 2460 te
782 2429 893 2460 flendo
919 2439 978 2460 cor
1004 2429 1165 2468 accendo,

690 2475 816 2505 Manus
842 2474 956 2511 tendo,
984 2475 1141 2506 subveni.

223 2538 273 2569 Es
298 2538 415 2581 folgen
441 2540 653 2571 schliesslieh
679 2550 741 2572 aus
768 2541 930 2581 lthythm.
957 2542 1045 2573 XIII
1070 2542 1136 2573 Str.
1163 2539 1308 2573 23—36.

219 2584 332 2615 Pars
366 2585 434 2616 XII
459 2599 501 2609 Ξ
526 2585 689 2626 Rhythm.
718 2587 763 2625 II,
792 2585 896 2627 l—2;
922 2587 1020 2624 VIII,
1048 2584 1173 2619 1—34:
1199 2587 1260 2624 VI,
1287 2584 1414 2618 ἰ’-ΞΟ·
1441 2586 1553 2617 daun:

128 2659 183 2694 51.
218 2662 381 2694 Illibatae
407 2666 441 2694 et
466 2663 597 2702 beatae,

264 2708 354 2745 Iesu,
382 2712 463 2740 nate
487 2710 648 2750 virginis,

218 2752 321 2784 Vitae
346 2752 456 2791 dator,
481 2754 598 2785 mundi
627 2758 731 2793 sator,

265 2799 390 2836 Homo,
417 2798 526 2830 factor
552 2799 715 2838 homini&

946 2662 1000 2697 52.

1037 2665 1105 2696 Fili
1131 2666 1208 2703 Dei,
1235 2675 1375 2706 compar
1400 2665 1442 2701 ei,

1082 2710 1185 2741 Porta
1211 2711 1284 2751 spei
1310 2710 1480 2751 publicae,

1036 2756 1109 2787 Rex
1134 2754 1246 2786 fidelis
1272 2755 1423 2786 Israelis,

1082 2801 1152 2831 Nos
1179 2800 1219 2831 de
1245 2801 1351 2832 caelis
1379 2801 1520 2841 respice.
