1785 3111
708 95 1019 135 —253—

157 203 184 244 1,
210 203 230 237 2
247 206 425 238 Turbatus
444 208 488 238 D.
506 224 550 228 —
571 208 680 248 „Item
700 208 900 240 eiusdem
919 209 961 241 de
979 209 1099 242 eadem
1116 207 1343 242 festivitate“.
1363 210 1403 242 A.
1422 230 1464 232 —
1485 211 1635 251 „Versus

64 252 102 283 in
138 251 328 293 epiphania
358 252 503 283 Domini
540 256 622 284 ante
655 253 898 296 evangelium“
934 255 984 294 1);
1026 255 1115 286 auch
1148 257 1185 287 in
1217 256 1320 297 Trop.
1354 266 1416 287 ms.
1453 257 1636 288 Mindense

63 307 152 329 saec.
187 296 237 328 11.
270 299 316 328 in.
351 296 433 328 cod.
464 297 772 339 Guelfenbyteran.
808 298 896 332 1110
920 299 1082 339 (Helmst.
1112 298 1211 341 1008)
1242 303 1306 333 mit
1338 301 1399 333 der
1425 302 1631 334 Aufschrift:

64 343 172 385 „Item
197 353 318 374 versus
343 343 546 375 eiusdem
570 344 662 375 unde
688 342 826 386 supra“.

177 487 255 524 191.
294 488 351 530 (4.)
384 487 487 523 Item
513 488 688 524 eiusdem
713 490 764 525 ad
791 491 1099 527 Processionem
1124 492 1264 528 diebus
1291 493 1517 529 dominicis,

268 580 330 619 ΒΟ
361 583 507 620 Humili
539 594 652 630 prece
684 588 721 621 et
753 585 902 622 sincera
934 586 1137 623 devotione

434 640 497 677 Ad
529 646 566 676 te
598 641 806 678 clamantes
838 653 989 689 semper
1019 643 1158 680 exaudi
1193 654 1273 680 nos.

202 743 238 780 1.
272 743 445 780 Summus
477 746 515 778 et
545 743 784 790 omnipotens
816 744 978 792 genitor,
1012 745 1076 790 qui
1108 750 1244 782 cuncta
1276 746 1426 794 creasti,

320 800 511 836 Aeteruus
545 799 720 836 Christus
751 799 851 837 filius
883 805 996 847 atque
1026 801 1143 847 Deus,

266 855 347 892 Nec
380 867 454 892 non
486 855 728 893 sanctificans
762 857 988 905 dominator,
1023 858 1182 904 spiritus
1215 858 1335 896 almus

326 912 445 950 Unica
475 913 654 950 maiestas
684 914 861 961 trinaque
882 915 964 951 sola
996 915 1080 953 Dei.

198 1016 236 1053 2.
268 1015 358 1061 Ipsa
388 1015 461 1052 Dei
492 1015 677 1063 genetrix,
710 1017 930 1063 reparatrix
962 1017 1095 1054 inclita
1125 1018 1268 1066 mundi,

320 1073 422 1118 Quae
453 1071 658 1109 Dominum
690 1078 793 1110 casto
826 1084 985 1120 corpore
1017 1075 1235 1120 concipiens

264 1129 456 1175 Perpetua
487 1139 638 1177 semper
672 1130 802 1167 radias
835 1142 918 1168 cum
952 1131 1188 1178 virginitate,

320 1185 503 1232 Indignos
535 1184 710 1234 famulos,
744 1187 850 1235 virgo
881 1188 1019 1235 Maria,
1052 1192 1135 1225 tuos
1166 1211 1222 1214 —

201 1289 237 1326 3.
271 1288 445 1334 Angelici
476 1298 668 1335 proceres.
702 1289 892 1326 caelorum
926 1289 1115 1326 exercitus
1146 1291 1267 1328 omnis

321 1345 489 1382 Aeterno
520 1356 672 1392 semper
703 1346 845 1382 lumine
876 1347 1116 1394 conspicuus,

263 1402 426 1449 Agmine
455 1407 514 1438 ter
544 1403 645 1439 trino
677 1413 815 1449 supero
847 1414 916 1450 per
947 1404 1075 1441 sidera
1106 1414 1222 1451 regno

319 1459 515 1496 Laudibus
546 1464 740 1496 aeternum
775 1460 1045 1497 concelebrans
1077 1461 1293 1509 Dominum,
1327 1484 1380 1488 —

199 1563 235 1599 4.
269 1562 405 1598 Petrus
437 1571 520 1597 cum
552 1561 683 1607 Paulo,
717 1561 883 1599 Thomas
916 1573 998 1599 cum
1030 1563 1324 1601 Bartholomaeo

319 1618 370 1655 Et
401 1617 562 1655 Iacobus
594 1618 736 1655 sanctis
768 1630 835 1655 nos
867 1619 1037 1656 relevent
1068 1620 1261 1666 precibus.

261 1674 451 1723 Andreas,
486 1675 692 1725 Mattheus,
727 1675 923 1713 Barnabas
954 1681 1067 1723 atque
1099 1678 1298 1727 Iohannes,

319 1732 519 1778 Matthias,
547 1731 683 1779 LucaS,
718 1733 874 1769 Marcus
906 1738 942 1769 et
973 1734 1170 1772 altisonus.

204 1838 240 1873 5.
276 1834 415 1872 Coetus
447 1835 678 1881 apostolicus
711 1835 887 1873 duodeno
919 1836 1045 1873 sidere
1078 1841 1260 1885 comptus,

317 1891 512 1938 Propitius
545 1897 699 1929 cunctos
730 1898 888 1940 protege
919 1904 986 1929 nos
1020 1892 1196 1942 famulos,

260 1949 324 1994 Et,
357 1959 450 1994 quos
481 1949 712 1996 multiplices
743 1950 915 1986 lacerant
946 1961 1015 1996 per
1047 1951 1207 1988 crimina
1238 1956 1379 1999 pestes,

320 2006 483 2043 Peccata
512 2005 715 2043 absolvens
748 2005 809 2043 fac
840 2006 939 2044 bona
971 2011 1107 2044 cuncta
1138 2009 1256 2055 sequi.

199 2109 235 2147 6.
269 2107 381 2144 Nunc
413 2109 641 2155 Stephanus,
673 2109 805 2158 Linus,
841 2109 1016 2147 Clemens
1047 2111 1257 2148 Anacletus
1289 2117 1325 2148 et
1357 2112 1477 2149 almus

316 2164 474 2213 Xystus,
506 2166 731 2203 Alexander
763 2166 1037 2213 Corneliusque
1069 2169 1169 2215 pius,

260 2221 508 2270 Hippolytus,
542 2223 666 2269 Vitus,
697 2223 928 2260 Laurentius
960 2230 1073 2271 atque
1107 2225 1308 2262 Modestus

319 2278 660 2326 Chrysogonusque
688 2280 773 2326 pius
804 2291 872 2317 nos
903 2281 1121 2318 miserando
1152 2282 1294 2322 iuvent,

198 2381 233 2418 7.
267 2381 296 2418 Ο
328 2392 394 2418 vos
424 2382 609 2428 martyrio
643 2383 814 2419 decorati
844 2383 882 2419 in
913 2384 1064 2420 nomine
1099 2384 1244 2421 Christi

322 2437 527 2484 Conspicui
558 2443 687 2485 testes,
721 2439 904 2487 purpurei
935 2451 1126 2487 proceres,

263 2494 333 2540 Qui
365 2495 464 2532 bello
497 2496 628 2532 invicti
660 2497 869 2542 superastis
902 2497 1095 2534 daemonis
1127 2499 1217 2545 iras,

320 2552 545 2598 Conspirata
577 2563 708 2589 manus
740 2553 892 2589 vincere
923 2559 1044 2590 morte
1075 2555 1210 2593 minas.

199 2651 236 2691 8.
269 2651 465 2702 Silvester,
499 2653 700 2697 Damasus,
733 2652 941 2700 Gregorius
973 2655 1285 2703 Ambrosiusque,

321 2709 503 2755 Hilarius,
536 2710 649 2756 Zeno,
683 2710 874 2747 Maximus
907 2719 1021 2759 atque
1054 2712 1144 2759 Leo,

261 2765 474 2812 Martinus,
500 2767 695 2816 Proculus,
730 2767 931 2805 Caesarius
963 2769 1225 2817 Eusebiusque

321 2822 435 2859 Orent
468 2834 538 2870 pro
569 2824 708 2860 nostris
741 2824 962 2862 criminibus
995 2826 1123 2864 variis.
