1785 3111
713 109 769 114 .-
835 87 881 126 (5
945 110 995 115 -

79 199 114 232 7.
142 201 172 232 O
197 210 292 238 crux,
317 209 393 237 ave,
420 209 499 241 spes
524 199 639 239 unica,
908 198 939 232 S.
966 201 1026 238 Te,
1053 210 1187 231 summa
1212 201 1307 232 Deus
1332 201 1484 238 trinitas,

139 246 218 277 Hoc
244 245 420 287 passionis
445 248 611 286 tempore,
967 245 1150 278 Collaudet
1175 246 1287 277 omnis
1313 246 1468 287 spiritrm,

140 292 241 332 Auge
268 291 338 332 piis
364 291 535 322 iustitiam
966 291 1062 330 Quos
1087 302 1148 333 per
1171 292 1284 322 crucis
1308 292 1511 332 mysterium

141 337 294 377 Reisque
318 335 411 368 dona
437 337 588 368 veniam.
966 337 1102 374 Salvas,
1128 347 1208 379 rege
1234 347 1295 378 per
1319 337 1470 368 saecula.

67 414 101 493 ξ),
137 413 158 447 2
191 413 380 493 ΟοΙΙεέᾱειῐ
403 415 449 446 Η.
475 431 518 436 -
544 412 577 455 8,
612 413 634 446 4
660 416 796 450 Salvas,
822 416 914 457 regis
940 417 992 455 Ης
1030 417 1145 457 Regis,
1173 416 1272 447 salva
1296 416 1333 447 F.
1358 432 1402 437 -—
1426 416 1639 457 Doxologie:

109 470 148 493 eo
174 461 266 503 patri
322 484 329 491 .

544 560 604 596 68.
641 561 696 602 (3).
734 561 792 595 De
821 560 946 596 Cruce
973 560 1150 596 Domini.

677 632 792 663 Carm.
818 631 840 662 1.
866 632 911 669 11,
937 642 971 662 n.
1001 631 1028 663 1.

275 724 378 762 Crux
408 721 611 759 benedicta
639 722 747 771 nitet,
780 722 965 759 Dominus
997 734 1071 770 qua
1102 734 1215 760 carne
1251 723 1436 770 pependit

329 780 457 826 Atque
487 789 620 816 cruore
651 790 718 816 suo
749 779 906 816 vulnera
936 784 1066 816 nostra
1096 780 1213 822 lavat,

274 836 384 874 Mitis
415 845 543 872 amore
572 836 636 882 pio
667 846 737 882 pro
767 835 876 872 nobis
909 836 1061 873 victima
1093 835 1217 873 factus

333 892 469 929 Traxit
498 891 546 929 ab
576 902 642 929 ore
672 892 753 938 lupi
784 904 858 939 qua
888 903 997 930 sacer
1027 904 1144 940 agnus
1175 904 1278 941 oves,

201 953 222 988 5
280 947 491 987 Transfixis
522 949 661 995 palmis
689 949 755 986 ubi
786 951 967 987 mundum
1000 961 1022 987 a
1055 950 1163 987 clade
1194 951 1368 999 redemit,

333 1008 460 1052 Atque
492 1016 559 1042 suo
591 1006 727 1042 elausit
759 1004 891 1043 funere
923 1007 1056 1044 mortis
1089 1007 1172 1045 iter.

280 1063 355 1100 Hic
385 1073 518 1099 manus
549 1063 616 1100 illa
648 1061 721 1099 fuit
752 1063 869 1100 clavis
902 1063 1050 1101 confixa
1082 1064 1248 1101 eruentis

335 1120 439 1166 Quae
470 1119 611 1166 eripuit
641 1120 801 1157 Paulum
833 1120 1002 1167 crimine,
1034 1125 1156 1158 morte
1188 1123 1355 1161 Petrum.

278 1175 498 1215 Fertilitate
530 1181 678 1222 potens,
709 1188 731 1214 ο
764 1177 874 1214 dulce
907 1182 944 1214 et
974 1177 1101 1215 nobile
1132 1178 1288 1226 lignum„

174 1236 226 1273 10
335 1232 494 1280 Quando
520 1233 595 1270 tuis
626 1234 742 1270 ramis
773 1239 849 1271 tam
881 1245 980 1271 nova
1011 1246 1123 1281 poma
1153 1236 1274 1282 geris!

279 1291 394 1329 Cuius
426 1289 544 1327 odore
575 1301 672 1327 novo
705 1291 886 1329 defuncta
917 1292 1107 1329 cadavera,
1138 1297 1308 1342 surgunt,

331 1347 383 1384 Et
413 1347 575 1383 redeunt
604 1347 718 1397 vitae,
751 1348 815 1394 qui
847 1359 1003 1385 caruere
1036 1349 1148 1387 diem.

273 1404 431 1441 Nullum
460 1408 546 1440 uret
574 1410 700 1441 aestus
731 1405 800 1441 sub
833 1403 1034 1442 frondibus
1065 1406 1214 1443 arboris
1245 1406 1368 1453 huius,

329 1460 440 1498 Luna
469 1471 538 1497 nec
568 1461 607 1497 in
638 1467 785 1498 noctem
814 1462 870 1498 sol
902 1472 1023 1509 neque
1053 1463 1227 1502 meridie.

171 1518 223 1557 15
274 1518 332 1554 Tu
363 1518 535 1564 plantata
563 1518 682 1555 micas
714 1529 834 1565 secus„
868 1523 925 1554 est
953 1520 1017 1556 ubi
1050 1530 1181 1556 cursus
1213 1532 1408 1567 aquarum.

330 1574 487 1621 Spargis
519 1578 555 1611 et
584 1580 737 1612 ornatas
768 1574 861 1612 flore
892 1582 1043 1613 recente
1076 1587 1213 1615 comas,

271 1633 456 1678 Appeusa
487 1636 543 1667 est
575 1632 664 1668 vitis
694 1632 795 1669 inter
828 1638 891 1669 tua
921 1633 1092 1678 brachia,
1126 1634 1173 1670 de
1204 1646 1278 1681 qua

327 1688 465 1725 Dulcia
496 1689 701 1735 sanguineo
733 1690 817 1727 vina
849 1689 987 1727 rubore
1018 1690 1150 1729 fluunt.

161 1800 306 1833 Colleet.
332 1811 394 1831 ms.
420 1801 541 1833 ineert.
568 1803 654 1843 orig.
677 1812 767 1834 saec.
797 1801 847 1834 10.
898 1803 980 1835 Cod.
1007 1803 1252 1835 Vindobonen.
1281 1801 1355 1834 114.
1381 1804 1420 1834 A.
1446 1820 1492 1824 -
1508 1803 1638 1843 Hymn.

68 1856 130 1877 ms.
172 1845 422 1878 Severinianus
464 1856 551 1878 saec.
597 1845 647 1879 10.
693 1859 744 1880 ex.
806 1848 888 1881 Cod.
922 1850 1082 1880 Vatican.
1119 1847 1216 1880 7172.
1254 1850 1292 1880 Β.
1327 1865 1368 1870 -
1407 1850 1537 1890 Hymn.
1575 1859 1639 1880 ms,

73 1891 321 1923 severinianus
347 1901 436 1923 saec.
466 1890 517 1923 10.
544 1903 595 1923 ex.
638 1892 719 1925 Cod.
745 1894 896 1926 Parisin.
926 1892 1022 1926 1092.
1049 1895 1085 1926 C.
1110 1912 1155 1916 -—
1180 1896 1283 1936 Trop.
1310 1906 1372 1926 ms.
1397 1894 1639 1936 Eporediense

69 1947 158 1969 saec.
185 1935 238 1968 11.
264 1938 312 1969 in.
353 1937 437 1970 Cod.
466 1937 578 1979 Capit.
604 1938 815 1980 Eporedien.
842 1938 885 1971 60
912 1941 953 1971 D.
980 1957 1021 1961 ——-
1045 1941 1150 1980 Trop.
1177 1951 1238 1972 ms,
1256 1940 1520 1972 Nonantulense
1547 1949 1636 1971 saec.

70 1981 120 2013 11.
171 1982 254 2015 Cod.
279 1980 425 2014 Roman.
453 1980 542 2014 1343
565 1981 711 2023 (Sessor.
738 1982 806 2025 62).
836 1986 878 2016 Ε.
906 2003 947 2006 -
973 1987 1076 2027 Trop.
1102 1997 1164 2017 ms.
1182 1986 1446 2017 Nonantulense
1471 1995 1561 2017 saec.
1586 1983 1638 2016 11.

67 2027 150 2060 Cod.
184 2028 391 2060 Casanaten.
430 2028 456 2060 C
492 2029 543 2059 IV
579 2027 609 2060 2.
648 2031 684 2062 F.
723 2048 763 2050 —
802 2031 906 2072 Trop.
941 2042 1002 2062 ms.
1037 2032 1284 2063 Novalieiense
1318 2042 1406 2063 saec.
1442 2029 1494 2062 11.
1554 2031 1637 2063 Cod.

66 2073 236 2105 Oxonien.
270 2074 392 2106 Douce
416 2071 492 2106 222.
523 2075 563 2107 G.
589 2092 633 2095 —
658 2076 761 2108 Grad.
788 2086 849 2107 ms.
876 2077 1107 2117 Brixienseff)
1131 2087 1220 2108 saec.
1251 2076 1301 2108 11.
1351 2076 1436 2109 Cod.
1462 2077 1634 2108 Oxonien.

66 2118 213 2151 Miscell.
239 2119 290 2150 lit.
318 2116 396 2151 366.
421 2120 466 2151 Η.
491 2137 536 2141 -
560 2121 664 2163 Trop.
690 2132 752 2152 mS.
782 2122 973 2154 Casinense
999 2133 1086 2154 saec.
1117 2122 1167 2154 11.
1217 2123 1300 2155 Cod.
1327 2123 1487 2154 Vatican.
1508 2122 1631 2155 Urbin.

66 2162 143 2195 585.
169 2160 197 2197 I.
222 2183 265 2187 —
291 2165 395 2206 Trop.
420 2176 482 2196 ms.
510 2166 778 2198 Ravennatense
801 2177 890 2199 saec.
921 2166 1006 2199 ¹¹:¹12.
1045 2169 1128 2200 Cod.
1157 2168 1269 2209 Capit.
1294 2168 1421 2199 Mutin.
1447 2168 1476 2200 O
1503 2168 1520 2199 I
1545 2178 1579 2198 n.
1606 2165 1634 2199 7.

65 2210 109 2241 K.
140 2226 186 2231 ——
218 2210 323 2252 Trop.
356 2221 419 2241 ms.
445 2211 712 2244 Ravennatense
738 2223 826 2244 saec.
856 2211 908 2244 1‘2.
958 2213 1039 2245 Cod.
1067 2214 1177 2255 Capit.
1205 2214 1363 2245 Paduani
1390 2215 1417 2244 A
1443 2211 1498 2244 47.
1524 2214 1565 2244 L.
1594 2229 1635 2233 —

66 2254 196 2296 Hymn.
222 2266 284 2286 ms.
310 2256 508 2288 Bobbiense
535 2267 624 2288 saec.
654 2255 703 2288 12.
747 2259 828 2290 Cod.
854 2260 1042 2290 Taurinen.
1068 2260 1095 2290 F
1119 2260 1169 2291 [V
1196 2257 1247 2291 18.
1273 2261 1319 2291 M.
1344 2276 1389 2280 --
1407 2259 1550 2290 Collect.
1571 2269 1634 2289 ms.

66 2301 220 2333 incertae
245 2302 333 2343 orig.
364 2311 454 2334 saec.
483 2299 534 2334 13.
561 2303 648 2334 Clm.
674 2304 857 2335 Monacen.
884 2301 985 2335 6911.
1013 2306 1054 2336 N.

156 2347 173 2377 I
197 2347 289 2378 nites
313 2348 354 2378 B.
379 2365 425 2368 —
448 2345 469 2378 2
494 2347 584 2379 lavit
608 2349 712 2380 ΑΒΝ.
738 2369 782 2372 -
806 2348 829 2380 4
853 2350 976 2381 Traxit
1001 2360 1118 2382 amore
1143 2350 1218 2391 lupi
1244 2351 1331 2385 HN:
1360 2360 1446 2389 quos
1471 2360 1568 2381 sacer
1585 2350 1636 2388 >13

66 2393 126 2433 qui
151 2401 248 2423 sacer
272 2392 320 2431 L;
347 2403 430 2424 oves
455 2403 566 2434 agnus
592 2394 641 2433 Dq
677 2395 752 2425 ovis
778 2395 817 2426 L.
846 2413 885 2416 —
912 2395 1114 2427 Transfixus
1141 2396 1261 2427 BEIL.
1287 2412 1332 2416 —
1357 2394 1374 2426 7
1404 2396 1462 2428 Sic
1486 2395 1561 2426 KL.
1587 2412 1631 2417 —-

66 2434 87 2468 8
112 2437 179 2476 Qui
203 2437 317 2476 GKL;
343 2438 441 2477 Quae
458 2438 607 2470 Paulum
632 2441 762 2481 eripuit
779 2442 820 2472 N.
849 2460 890 2464 —
918 2439 938 2472 9
959 2441 1176 2473 Felicitatem
1202 2442 1246 2473 G:
1273 2451 1293 2472 a
1317 2441 1487 2482 dulceque
1513 2440 1631 2472 nobile

65 2481 108 2514 N.
139 2500 184 2503 —
214 2480 256 2514 10
279 2484 370 2524 gerit
401 2483 482 2522 DG;
516 2488 640 2525 gerunt
672 2485 717 2516 H.
753 2503 793 2507 —
823 2484 860 2516 11
888 2497 980 2517 nova
1005 2487 1044 2519 G.
1072 2504 1116 2508 —
1147 2484 1188 2518 12
1214 2488 1261 2519 Ut
1286 2487 1431 2518 redeunt
1455 2486 1535 2519 KL:
1562 2496 1632 2527 qua

65 2527 113 2566 L;
146 2527 237 2560 diem
268 2529 378 2562 ABN:
413 2533 599 2561 caruerunt
631 2530 706 2562 dies
740 2531 780 2563 G.
814 2549 859 2552 —
892 2530 931 2563 13
958 2533 1044 2564 Uret
1068 2532 1203 2564 nullum
1231 2534 1279 2564 B:
1305 2532 1431 2563 Nullus
1457 2533 1531 2562 urit
1556 2531 1635 2569 EF3

65 2572 193 2604 Nullus
217 2583 322 2605 urens
348 2575 398 2607 D:
435 2575 498 2606 sub
532 2575 705 2607 frontibus
738 2577 785 2611 A:
820 2577 955 2609 arboris
990 2579 1062 2608 vivi
1097 2579 1138 2610 G.
1172 2595 1215 2599 --
1252 2576 1293 2608 14
1317 2581 1417 2609 noete
1443 2578 1472 2608 A
1502 2578 1554 2608 bis
1579 2577 1637 2615 313

65 2618 245 2650 meridiem
264 2620 317 2650 H:
343 2620 506 2652 meridies
524 2621 570 2652 M.
596 2638 641 2642 —
668 2620 708 2652 15
734 2623 842 2653 micas
869 2623 960 2654 sedis
980 2627 1031 2654 est
1049 2623 1098 2660 G:
1126 2634 1161 2655 es
1179 2624 1241 2655 ubi
1258 2624 1304 2654 M.
1324 2640 1366 2644 —
1387 2621 1428 2654 16
1445 2626 1479 2653 et
1498 2623 1634 2653 ornaris

66 2662 154 2702 DM;
179 2663 263 2696 flore
288 2666 439 2697 micante
466 2667 510 2706 133
534 2666 617 2697 flore
644 2672 798 2699 recentes
824 2668 872 2707 E;
899 2678 1039 2699 caumas
1065 2670 1106 2701 G.
1131 2689 1174 2692 —
1203 2667 1242 2700 17
1261 2669 1412 2710 Aspersa
1438 2669 1480 2699 D.
1506 2684 1551 2688 —
1570 2667 1635 2697 Am

67 2707 230 2740 Schlusse
255 2709 310 2742 die
338 2711 550 2753 Doxologie:

385 2779 507 2811 Glo'ria
532 2789 660 2822 magna
684 2781 759 2812 Deo
785 2782 963 2822 magnalia
989 2786 1088 2813 tanta
1113 2784 1278 2823 patranti,

430 2824 496 2863 Qui
522 2828 592 2856 tam
618 2827 707 2857 mira
731 2827 824 2865 facit,
850 2827 963 2868 gloria
989 2837 1116 2869 magna
1142 2828 1228 2858 Deo.
