1785 3111
764 74 1071 115 —440-

153 194 219 231 45.
251 193 325 229 Pro
357 201 522 228 meorum
555 189 853 236 propinquorum

306 250 359 286 Te
390 247 512 283 salute
543 246 703 293 postulo,

250 306 303 344 Ut
335 305 524 340 laetentur
553 306 590 339 et
620 303 814 340 salventur

304 361 363 397 Ex
394 359 494 397 omni
526 359 708 406 periculo.

966 190 1031 228 46.
1064 188 1094 226 Ο
1125 188 1248 235 beata,
1280 189 1457 226 miserata

1124 245 1258 282 Preces
1288 255 1389 282 meas
1421 247 1582 293 suscipe,

1064 301 1114 339 Et
1147 302 1194 339 de
1224 302 1332 339 malis
1363 303 1550 339 universis

1121 358 1200 397 Nos
1232 359 1436 395 clementer
1466 360 1583 406 eripe.

504 474 570 511 47.
603 473 719 510 Pater
750 472 864 519 Deus,
896 469 952 508 fili
983 471 1098 518 Deus,

655 529 759 566 Deus
789 528 889 566 alme
921 528 1073 574 caritas,

603 587 679 624 Per
709 592 863 622 aeterna
896 595 964 622 nos
997 584 1164 633 guberna

664 642 808 690 Saecla,
843 642 947 678 Deus
980 640 1143 679 trinitas.

718 811 998 859 Rliythmus
1041 812 1108 851 IX.

178 928 215 966 1.
248 928 470 964 Animarum
502 936 587 972 spes
619 925 824 973 lapsarum,

306 985 421 1030 Virgo
452 986 584 1029 mater,
617 982 741 1027 unica,

247 1040 414 1087 Gignens
446 1049 593 1086 regem,
628 1038 731 1074 cuius
762 1038 882 1085 legem

304 1096 438 1134 Mundi
471 1099 597 1133 servat
629 1093 787 1142 fabrica,

172 1212 211 1248 2.
246 1210 358 1246 Porta
391 1209 511 1255 ducis,
543 1208 606 1255 qui
636 1219 705 1254 per
734 1208 855 1245 crucis

302 1266 460 1303 Salvans
491 1276 558 1302 nos
590 1265 810 1312 mysterium

248 1323 310 1360 Ad
342 1326 557 1366 sanctorum
588 1322 807 1367 angelorum

304 1380 508 1416 Restaurat
539 1379 782 1418 consortium.

178 1495 218 1532 3.
249 1492 361 1530 Sume
392 1492 523 1528 laudes
555 1496 667 1538 atque
698 1496 836 1539 grates,

303 1550 402 1594 Quas
435 1548 591 1585 devotus
624 1549 793 1597 concino,

246 1606 418 1652 Namque
450 1605 526 1642 scio
559 1605 613 1641 516
644 1616 702 1642 1116
733 1605 796 1652 pio

303 1662 537 1699 Placiturum
568 1662 741 1700 Domino.

175 1776 214 1814 4.
247 1775 276 1813 Ο
308 1774 434 1822 beata,
465 1774 678 1822 benedicta,

304 1831 477 1870 Gloriosa
510 1831 673 1878 domina7

247 1889 349 1934 Quae
381 1887 507 1924 divina
540 1887 727 1925 medicina

303 1944 439 1981 Mundi
468 1955 607 1990 purgas
639 1943 810 1981 erimina.

177 2059 212 2098 5.
248 2056 358 2094 Felix
390 2061 521 2104 mater,
555 2057 659 2094 6111115
692 2060 822 2093 venter

304 2113 412 2151 Omni
445 2124 576 2150 carens
609 2114 756 2150 macula

247 2172 387 2217 Regem
419 2170 513 2207 texit
544 2175 656 2217 atque
687 2170 803 2218 vexit,

301 2228 369 2274 Qui
402 2226 587 2273 gubernat
619 2226 781 2264 saecula.

181 2342 220 2378 6.
253 2340 369 2386 Quam
402 2344 563 2386 sacrata,
597 2350 706 2386 quam
738 2338 851 2376 beata

303 2396 440 2432 Manus
472 2400 583 2442 atque
615 2395 782 2442 brachia,

247 2452 348 2498 Quae
358 2458 553 2498 paverunt,
566 2462 661 2498 quae
670 2455 879 2498 gesserunt,

311 2509 383 2545 Per
413 2518 520 2555 quem
554 2509 679 2555 vigent
711 2509 850 2548 omnia.

181 2623 216 2660 7.
251 2622 371 2667 Culpa
403 2621 506 2658 Evae
539 2621 777 2667 corruptelae

303 2677 411 2714 Fecit
443 2688 510 2714 nos
541 2677 734 2727 obnoxios,

248 2734 306 2771 Tu
337 2734 505 2780 captivos
537 2734 736 2780 adoptivos

305 2791 419 2828 Facis
451 2790 520 2827 Dei
553 2789 662 2828 filioS.

997 925 1034 964 8.
1068 924 1183 971 Virgo
1214 924 1326 973 mitis,
1359 924 1546 971 imperitis

1123 981 1266 1017 Lumen
1299 981 1347 1018 da
1378 982 1558 1019 scientiae

1065 1038 1115 1075 Et
1147 1036 1312 1074 adflictis
1343 1048 1412 1084 pro
1446 1038 1595 1076 delictis

1125 1095 1243 1131 Posce
1271 1105 1404 1131 munus
1436 1095 1580 1136 veniae.

1001 1209 1038 1246 9.
1070 1208 1172 1254 Quae
1204 1217 1242 1243 es
1274 1207 1354 1243 sola
1385 1207 1498 1254 plena
1529 1208 1661 1246 schola

1124 1264 1316 1300 Virtutum
1349 1264 1582 1312 caelestium,

1069 1322 1221 1358 Intuere
1253 1324 1290 1356 et
1320 1319 1473 1357 medere

1123 1376 1271 1413 Morbis
1302 1380 1340 1412 te
1371 1377 1620 1422 poscentium.

972 1491 1035 1530 10.
1069 1490 1159 1536 Quis
1190 1500 1359 1534 narrare,
1393 1490 1475 1536 quis
1506 1499 1666 1538 pensare

1123 1547 1204 1583 Tua
1232 1546 1353 1593 possit
1381 1546 1529 1594 merita⁷

1067 1605 1141 1641 Per
1171 1614 1281 1650 quam
1313 1604 1431 1649 gratis
1463 1603 1663 1650 captivatis

1123 1660 1192 1697 Est
1225 1659 1381 1697 libertas
1413 1660 1577 1698 reddita.

970 1774 1034 1813 11.
1069 1773 1152 1810 Non
1186 1776 1241 1809 est
1274 1783 1404 1809 sensus
1436 1773 1491 1809 sic
1521 1777 1698 1810 extensus

1123 1831 1174 1868 Ut
1207 1833 1262 1866 tot
1293 1829 1425 1867 laudes
1454 1829 1628 1878 disserat,

1067 1886 1145 1922 Nec
1169 1886 1371 1923 humanum
1389 1897 1429 1923 05
1451 1890 1527 1923 tam
1550 1896 1700 1932 sanum,

1125 1943 1175 1980 L't
1207 1947 1261 1979 tot
1295 1953 1406 1979 voces
1440 1941 1623 1989 proferat.

970 2055 1034 2095 12.
1066 2055 1221 2092 Nullum
1235 2065 1407 2103 naevum‚
1426 2055 1519 2092 nihil
1533 2064 1697 2106 saevum,

1124 2111 1200 2158 Nil,
1224 2112 1323 2158 quod
1349 2112 1490 2159 laedat,
1516 2111 1700 2160 contines,

1066 2168 1159 2205 Tam
1193 2168 1328 2205 decore
1360 2179 1470 2214 quam
1502 2168 1643 2205 honore

1123 2225 1320 2262 Universis
1351 2224 1578 2272 praemines.

970 2339 1034 2377 13.
1067 2338 1204 2376 Omnes
1235 2340 1344 2374 orent
1375 2341 1412 2374 et
1443 2337 1627 2374 honorent

1123 2395 1241 2431 Tuam
1274 2394 1550 2440 excellentiam,

1066 2451 1243 2497 Quamvis
1270 2451 1366 2488 bene
1397 2450 1521 2487 nullus
1543 2450 1655 2496 plene

1123 2508 1241 2544 Tuam
1273 2511 1401 2544 narret
1434 2507 1608 2554 gloriam.

971 2622 1034 2659 14.
1064 2620 1170 2657 Licet
1203 2619 1315 2666 digne
1346 2623 1423 2655 tam
1455 2619 1601 2666 insigne

1125 2675 1260 2713 Nullus
1291 2675 1421 2712 laudet
1452 2675 1639 2722 meritum,

1066 2733 1243 2779 Magnum
1289 2735 1413 2768 tamen
1441 2736 1495 2768 est
1527 2731 1701 2769 iuvamen

1122 2789 1206 2826 Hoc
1236 2786 1348 2825 fateri
1381 2788 1561 2826 debitum.
