1785 3111
691 106 997 147 —457-

57 223 156 254 Haec
181 222 307 253 cuncta
330 219 487 252 facinora
512 220 550 252 O.
577 238 621 241 —
647 218 708 259 21,
741 218 762 251 3
788 230 830 251 ne
856 221 1030 252 cunctaris
1055 219 1095 251 Ο.
1123 236 1164 240 -
1191 217 1252 258 21,
1283 217 1305 250 4
1331 229 1431 261 posse
1457 218 1500 258 F,
1528 218 1627 259 Roga

55 270 170 299 mente
203 265 343 298 subdita
376 265 418 297 E.
451 283 495 287 —
525 263 588 303 22,
625 263 646 296 2
677 265 852 297 daemonis
886 266 932 304 Β,
966 266 1202 303 daemoniacis
1236 265 1323 304 ΚΜ,
1358 264 1436 295 Affli
1464 264 1475 294 i
1509 262 1550 294 E.
1587 280 1625 283 —-

60 309 114 353 23,
143 312 162 342 2
186 311 302 343 Malus
329 321 471 352 serpens
496 309 545 350 E3
573 312 679 343 Dirus
705 311 808 342 draco
835 312 874 343 O.
900 329 945 334 —
971 308 1023 347 23,
1050 308 1071 342 3
1096 311 1281 352 Superanti
1308 310 1347 341 L.
1372 327 1417 331 ——
1463 307 1495 347 4,
1525 306 1540 339 1
1561 308 1628 341 Sed

57 359 86 389 si
111 358 199 389 forte
223 357 267 388 E.
292 374 336 377 —
360 354 421 395 24,
450 354 472 387 4
496 356 564 387 Per
588 356 686 388 illam
711 357 766 397 M,
793 357 942 398 recipias
968 357 1036 397 D1;
1064 357 1237 397 suscipias
1264 355 1303 386 O.
1332 373 1371 377 —-
1399 353 1454 393 26,
1479 352 1500 386 2
1526 355 1627 386 Nunc

55 403 183 435 habere
209 403 248 434 Ο.
275 419 319 423 -
344 399 406 440 26,
440 400 462 433 4
488 403 643 433 oraveris
668 401 710 433 E.
736 418 781 423 —
808 399 869 439 27,
896 399 916 432 2
945 402 992 433 sis
1019 403 1060 442 F3
1096 402 1240 434 Cunctis
1267 401 1398 432 sanctis
1424 400 1626 432 viventibus

53 449 93 480 O.
119 467 162 470 —
187 445 241 486 27,
267 445 289 479 4
313 446 457 479 Cunctis
483 446 538 477 his
565 448 624 479 DI.
652 463 694 468 —
720 444 774 485 28,
805 446 820 478 1
845 447 948 478 linire
973 448 1040 478 BF.
1068 464 1110 469 —-
1135 444 1197 484 28,
1223 444 1244 477 2
1268 446 1383 478 Corda
1409 446 1498 478 solet
1515 445 1558 476 D.
1585 462 1627 467 —-

53 491 134 531 28,4
166 493 366 534 rogantium
391 492 430 524 O.
457 509 502 513 —
528 490 589 531 29,
624 490 644 523 2
669 493 768 524 Facit
801 496 835 524 et
859 503 1039 535 resurgere
1064 493 1115 533 N,
1148 492 1268 524 Faciet
1293 502 1472 534 resurgere
1498 490 1556 523 10.
1586 507 1626 512 —-

54 539 121 571 Str.
148 536 191 571 30
209 537 295 570 fehlt
310 538 349 570 B.
368 554 411 558 —-
429 535 482 575 30,
510 535 531 570 3
549 548 692 569 aversos
711 538 845 577 DlKL3
867 542 901 569 et
918 539 1117 570 submersos
1135 537 1399 569 DEIKLMNO.
1420 554 1451 559 -ό
1479 534 1533 575 31,
1557 533 1573 566 1
1594 539 1625 568 et

52 584 142 616 hanc
167 584 281 615 clama
304 584 343 614 L.
371 601 411 604 —
438 581 492 621 32,
522 582 536 615 1
557 584 639 615 Veri
668 583 763 623 solis,
791 585 819 614 si
846 584 936 615 hanc
962 584 1047 615 solis
1066 582 1230 615 DIEMO.
1256 601 1298 605 —
1318 583 1384 615 Str.
1412 580 1455 614 33
1480 581 1566 614 fehlt
1584 583 1627 613 N.

144 639 392 681 Rhythmus
417 640 463 672 ΙΙ.
489 656 532 661 -
560 638 589 678 1,
615 637 635 671 2
661 640 799 672 Laudes
826 651 903 672 mea
928 642 1046 672 anima
1070 641 1109 673 O.
1136 657 1180 662 ——
1206 638 1235 678 1,
1262 638 1282 672 3
1301 639 1388 671 Eius
1413 644 1523 681 gesta,
1550 642 1626 672 eius

51 687 141 718 festa
166 686 307 725 BFKO3
339 685 428 717 Eius
454 686 545 718 bona
572 696 707 727 semper
732 696 818 717 sona
843 686 889 717 M.
916 704 960 707 —
988 685 1024 724 1,
1051 684 1073 717 4
1098 685 1382 727 splendidissime
1407 686 1453 726 B,
1484 688 1627 728 Semper

52 731 151 763 illam
188 731 351 773 praedica
387 732 435 762 M.
472 749 514 753 —
552 729 591 769 2,
632 729 653 762 2
689 731 794 763 Suam
833 731 1076 763 celsitudinem
1112 731 1160 771 E,
1203 731 1291 762 Eius
1329 730 1627 772 pulchritudinem

51 778 91 808 L.
117 794 161 798 —
185 775 219 814 4,
247 774 263 808 1
289 778 345 809 He
369 786 519 818 persona
543 777 645 808 nobis
671 777 762 808 dona
787 777 814 808 Ι.
841 795 883 799 -
907 775 939 812 4.
965 774 986 808 3
1013 787 1063 819 sq.
1088 777 1212 808 nebem
1239 777 1376 817 obigem
1396 777 1501 808 Text:
1529 777 1627 808 Haec

51 823 173 864 regina
198 822 240 854 de
264 823 368 854 ruina
390 823 393 861 Ι
416 823 538 854 Faciet
559 825 593 854 te
620 833 760 864 surgere
787 823 824 854 B.
853 839 891 842 —
921 821 951 860 5,
977 819 997 853 2
1021 823 1152 864 virgini
1179 823 1249 853 BL.
1275 839 1319 842 ——
1344 820 1376 860 5,
1404 820 1424 853 3
1450 823 1549 861 Quae
1574 823 1626 853 in-

51 867 169 899 fictum
194 868 235 900 G.
261 884 305 889 —
330 866 369 906 5,
403 865 425 898 4
449 868 540 899 Miro
566 870 678 899 mutat
702 878 843 899 munere
869 868 906 900 C.
933 885 976 889 -—
1002 865 1043 906 6,
1068 866 1089 898 2
1114 868 1195 899 Μο3
1219 867 1341 898 laudes
1367 868 1485 899 anima
1509 868 1556 898 M.
1583 885 1625 888 -—

51 911 82 951 6,
107 910 129 945 3
153 913 241 944 Eius
267 913 359 945 bono
384 914 432 953 F,
460 914 577 944 Huius
602 913 695 944 bona
720 913 763 954 L,
791 913 880 944 Eius
906 913 1005 951 festa,
1032 914 1106 945 eius
1132 916 1232 955 gesta
1253 914 1299 944 M.
1327 930 1369 935 -
1395 910 1426 951 6,
1452 911 1474 944 4
1499 913 1562 944 1113
1580 914 1625 951 Β,

51 959 136 991 Cole
153 958 438 1000 splendidissima
455 959 502 990 M.
524 976 568 980 -—
584 956 614 997 7,
636 957 650 989 1
671 958 768 990 Neue
786 959 928 990 Initiale
947 958 995 999 G3
1014 959 1142 991 Omnes
1162 960 1194 990 ei
1213 969 1335 990 sensus
1354 960 1421 990 mei
1436 959 1476 990 L.
1495 976 1529 980 —
1556 956 1587 996 8,
1609 956 1624 989 1

50 1005 161 1036 Nemo
195 1007 289 1036 certe
313 1003 386 1036 GO.
422 1021 463 1025 —
498 1001 536 1042 9,
573 1001 593 1035 2
619 1004 685 1035 Dei
711 1008 854 1035 matrem
880 1005 927 1035 M.
954 1021 995 1025 —-
1022 1003 1060 1042 9,
1095 1002 1115 1036 3
1141 1004 1242 1046 fingit
1267 1004 1361 1035 korr.
1388 1005 1423 1035 in
1449 1003 1557 1045 fingat
1583 1004 1626 1037 C:

50 1049 177 1081 Nullus
211 1049 306 1081 dicat
339 1049 431 1090 quod
457 1048 502 1089 G,
538 1053 576 1080 ut
608 1050 761 1091 attingat
787 1051 825 1080 A.
851 1067 892 1071 —
927 1047 965 1088 9,
1001 1048 1023 1081 4
1048 1050 1164 1081 Huius
1191 1049 1281 1081 CDI.
1309 1067 1348 1070 —
1377 1050 1445 1082 Str.
1474 1048 1515 1081 10
1542 1049 1628 1081 fehlt

51 1096 94 1127 N.
129 1112 173 1116 -—
208 1092 265 1133 10,
301 1092 316 1125 1
353 1097 521 1136 quantum
555 1094 654 1126 decet
678 1095 718 1126 L.
750 1113 795 1116 —-
831 1093 888 1133 10,
925 1093 945 1126 2
969 1095 1057 1127 Eius
1084 1095 1232 1127 laudans
1257 1096 1304 1126 M.
1331 1113 1374 1116 ——
1403 1093 1461 1133 10,
1491 1093 1511 1127 3
1537 1095 1626 1126 Eius

51 1143 178 1172 cuncta
203 1141 250 1180 C3
277 1140 376 1179 Quae
401 1150 485 1182 prae
510 1141 644 1171 cunctis
662 1140 729 1171 Dei
757 1142 888 1172 sanctis
914 1142 953 1172 L.
980 1159 1023 1163 —
1052 1139 1102 1179 10,
1127 1139 1149 1172 4
1166 1141 1246 1172 Erit
1271 1151 1406 1182 semper
1430 1141 1626 1182 praeelecta

49 1186 91 1217 L.
117 1203 157 1207 ——
185 1185 251 1217 Str.
281 1184 319 1217 11
346 1182 435 1217 fehlt
452 1186 494 1217 N.
513 1202 556 1207 —-
576 1183 629 1223 11,
650 1182 670 1216 2
687 1185 762 1216 Piis
780 1189 917 1217 constat
933 1187 1108 1218 mentibus
1126 1187 1206 1224 EG,
1232 1187 1306 1217 Piis
1325 1187 1432 1218 distat
1450 1187 1625 1218 mentibus

49 1232 89 1263 F.
115 1247 157 1252 —
187 1229 238 1271 11,
263 1228 284 1263 3
302 1231 352 1263 Ut
375 1231 554 1262 intendam
581 1241 634 1262 me
658 1231 857 1272 impendam
875 1232 915 1264 G.
941 1249 986 1253 —-
1006 1230 1054 1270 12,
1082 1230 1102 1263 2
1119 1232 1256 1269 Nullus,
1282 1232 1386 1273 digne
1403 1232 1445 1264 G.
1464 1249 1506 1253 —
1528 1229 1579 1270 12,
1605 1230 1626 1264 3

50 1276 171 1308 Vanus
204 1280 320 1308 tamen
355 1276 402 1316 G,
434 1276 488 1308 vel
524 1277 668 1308 insanus
702 1276 743 1307 E.
777 1294 818 1297 —
858 1275 912 1314 12,
947 1276 969 1308 4
1002 1278 1067 1309 Est
1100 1279 1158 1319 qui
1194 1288 1270 1309 eam
1306 1279 1359 1317 Μ’,
1394 1287 1469 1309 eam
1503 1279 1625 1309 reticet

53 1322 97 1353 D.
122 1339 166 1343 —
194 1320 253 1360 14,
285 1320 305 1353 2
330 1322 515 1353 Illustrant
539 1322 609 1354 ΕΚ.
638 1339 682 1343 —
710 1320 767 1360 14,
795 1320 816 1353 4
840 1324 966 1354 Miram
993 1323 1078 1354 dant
1102 1323 1329 1364 fragrantiam
1355 1324 1392 1355 C.
1419 1341 1460 1344 —
1488 1324 1555 1356 Str.
1585 1322 1625 1354 15

55 1368 170 1399 hinter
204 1365 254 1399 19.
281 1367 317 1398 C.
350 1387 392 1390 —
428 1365 484 1406 15,
523 1366 538 1398 1
573 1368 676 1400 nobis
709 1368 825 1399 lumen
850 1369 889 1399 B.
920 1386 962 1389 -
991 1366 1050 1407 15,
1084 1367 1106 1400 4
1138 1369 1329 1400 claustrum
1355 1368 1391 1400 C.
1418 1386 1461 1390 —
1488 1369 1556 1400 Str.
1585 1366 1625 1400 16

48 1412 137 1444 fehlt
162 1413 199 1443 C.
227 1430 267 1434 —
297 1410 349 1447 16,
381 1411 394 1444 1
423 1412 525 1444 homo
552 1414 687 1444 tristem
713 1414 739 1444 I.
767 1431 806 1435 ——
836 1411 888 1451 16,
913 1411 934 1445 2
960 1414 1108 1445 Audivit
1133 1416 1341 1446 sententiam
1362 1415 1404 1445 E.
1426 1432 1467 1435 -
1487 1414 1554 1445 Str.
1583 1412 1623 1445 17

47 1458 135 1490 fehlt
158 1459 199 1490 N.
235 1475 272 1480 -
312 1456 370 1497 17,
405 1456 425 1489 2
450 1458 560 1490 Nobis
595 1459 795 1500 specialiter
821 1459 857 1491 C.
892 1476 935 1480 -—
969 1458 1028 1497 17,
1061 1458 1083 1490 4
1108 1461 1218 1491 Decet
1250 1470 1325 1491 eam
1351 1461 1423 1492 LO.
1450 1477 1493 1481 —-
1522 1457 1571 1498 18,
1603 1457 1623 1490 2

48 1503 203 1545 depellat
226 1504 270 1536 K.
295 1521 339 1525 -—
367 1501 426 1543 18,
454 1501 474 1535 3
500 1507 534 1535 et
558 1504 712 1545 depellat
738 1504 774 1535 F.
799 1522 842 1526 ——-
871 1502 920 1542 18,
947 1503 968 1536 4
994 1505 1083 1537 Sunt
1108 1516 1338 1548 quaecunque
1363 1505 1552 1538 ACDEGI.
1581 1525 1623 1527 —

52 1547 112 1588 19,
137 1546 158 1580 2
184 1550 297 1582 Natus
319 1550 394 1581 eius
420 1549 604 1581 CDFIKL.
631 1567 675 1571 —
702 1548 760 1588 19,
787 1547 808 1581 3
834 1549 880 1581 Et
905 1550 1004 1582 finita
1029 1551 1074 1590 G,
1109 1552 1225 1582 carnis
1250 1551 1345 1583 lucta
1372 1551 1411 1582 L.
1442 1569 1485 1571 —
1510 1552 1624 1583 CDIN

47 1594 169 1627 ziehen
187 1594 242 1626 die
251 1595 319 1627 Str.
336 1593 352 1626 1
367 1594 438 1626 und
453 1592 540 1627 ‘Zdes
551 1595 736 1636 folgenden
746 1595 835 1626 noch
846 1606 886 1627 zu
897 1596 1029 1628 diesem
1039 1597 1211 1636 Hymnus.
1247 1598 1348 1628 Danu
1361 1596 1495 1628 ¹schiebt
1507 1597 1537 1628 N
1549 1598 1623 1628 ein:

95 1682 123 1717 1.
161 1685 328 1726 Speciosa
353 1686 432 1728 plus
459 1696 563 1728 quam
589 1696 667 1717 rosa
913 1685 943 1718 7.
982 1688 1170 1726 Inquinavi
1195 1688 1296 1719 sorde
1321 1689 1421 1729 gravi

205 1731 321 1773 Magis
347 1731 498 1764 candens
524 1731 612 1768 lilio,
1028 1734 1191 1771 Mentem,
1218 1733 1386 1774 linguam,
1413 1744 1529 1775 opera,

161 1776 291 1808 Carens
318 1778 405 1818 pari,
432 1777 606 1819 singulari
982 1775 1039 1810 Ad
1064 1779 1230 1809 delendas
1257 1789 1375 1810 omnes
1403 1779 1553 1817 mendas,

205 1821 289 1853 Sola
314 1822 420 1864 digna
444 1822 536 1863 filio,
1027 1825 1124 1863 Quae
1151 1835 1204 1856 me
1230 1824 1382 1862 laedunt,
1410 1834 1566 1865 propera.

90 1887 122 1921 2.
159 1890 244 1921 Plus
270 1890 397 1922 decora
421 1901 526 1932 quam
551 1900 688 1928 aurora,
913 1889 945 1923 8.
984 1893 1089 1924 Casta
1115 1902 1240 1934 parens
1267 1893 1346 1924 labe
1371 1903 1505 1933 carens,

206 1936 309 1967 Luna
332 1936 602 1977 praecellentior
1031 1938 1164 1969 Salutis
1190 1948 1373 1980 puerpera,

160 1980 207 2012 Et
232 1981 357 2013 solaris
383 1981 565 2013 luminaris
982 1983 1092 2014 Stella
1119 1985 1234 2021 maris,
1262 1985 1305 2015 ab
1332 1985 1460 2015 amaris

213 2026 324 2058 Badio
350 2028 542 2067 intensior,
1031 2030 1181 2061 Casibus
1208 2039 1261 2061 me
1288 2030 1412 2061 libera.

92 2091 124 2125 3.
155 2094 237 2126 Flos
264 2095 404 2137 regalis,
430 2095 617 2137 virginalis
917 2095 948 2128 9.
988 2098 1095 2129 Sacra
1121 2098 1216 2136 vitis,
1242 2108 1311 2129 uva
1337 2099 1443 2135 mitis,

207 2140 314 2172 Chori
340 2140 402 2172 lux
428 2142 579 2183 egregia,
1031 2143 1086 2174 Da
1113 2146 1244 2184 potum,
1270 2154 1371 2185 quem
1398 2144 1490 2179 sitio,

162 2186 272 2225 Quam
299 2185 340 2218 de
365 2187 460 2218 Iesse
486 2190 595 2217 ortam
623 2197 697 2219 esse
986 2188 1034 2220 Ut
1059 2188 1218 2219 affectum
1243 2198 1362 2230 geram
1388 2192 1519 2220 rectum

210 2231 326 2273 Stirpe
351 2234 489 2263 constat
511 2233 625 2273 regia,
1031 2233 1204 2274 Purgatus
1233 2244 1253 2265 a
1280 2235 1378 2265 vitio.

94 2297 126 2330 4.
167 2299 264 2331 Dans
290 2299 430 2331 odorem
456 2300 637 2332 meliorem
897 2299 948 2333 10.
987 2302 1091 2332 Fluat
1116 2302 1213 2333 stilla
1237 2302 1279 2333 de
1305 2303 1461 2334 mamilla

209 2345 330 2376 Murra
355 2348 389 2376 et
413 2349 577 2383 aromate,
1031 2347 1215 2379 Gloriosae
1240 2349 1399 2389 virginis,

164 2389 356 2421 odoratum
381 2392 492 2432 magis
516 2393 651 2430 gratum
983 2392 1120 2424 Fundat
1145 2403 1267 2430 rorem,
1297 2395 1355 2434 qui
1381 2394 1539 2426 ardorem

211 2436 314 2467 Omni
340 2435 588 2477 thymiamate,
1031 2438 1227 2480 Extinguat
1251 2439 1423 2471 libidinis.

94 2502 127 2535 5.
163 2503 282 2545 Purga
307 2507 456 2535 mentem
482 2506 550 2536 iam
576 2505 762 2536 foetentem
901 2504 950 2537 11.
989 2506 1018 2537 O
1044 2507 1172 2548 puella,
1199 2508 1385 2550 interpella

212 2549 260 2581 Et
284 2553 482 2590 corruptam
508 2551 673 2591 graviter,
1034 2553 1145 2584 Tuum
1172 2564 1234 2594 pro
1260 2564 1313 2585 me
1339 2553 1448 2585 filium

166 2594 366 2636 Resipiscat
392 2598 425 2626 et
450 2596 519 2627 iam
545 2595 657 2627 discat
988 2596 1036 2629 Et
1060 2598 1204 2640 dignare
1230 2610 1305 2630 meo
1332 2599 1414 2631 dare

211 2640 381 2682 Fragrare
408 2642 563 2672 suaviter
1029 2644 1151 2675 Dolori
1177 2645 1375 2676 consilium.

96 2705 128 2740 6.
166 2709 294 2740 Foetor
316 2709 448 2749 gravis,
473 2710 533 2751 qui
559 2709 600 2741 de
627 2711 743 2751 pravis
900 2708 952 2742 12.
989 2712 1088 2753 Roga
1113 2712 1236 2751 Deum,
1262 2724 1304 2744 ne
1331 2723 1383 2744 me
1410 2723 1505 2744 reum

209 2753 371 2785 Procedit
396 2754 584 2791 radicibus,
1033 2757 1186 2789 Damnet
1212 2762 1353 2799 propter
1378 2760 1538 2795 crimina,

168 2799 210 2830 In
235 2798 374 2830 odorem
401 2800 577 2831 meliorem
987 2802 1053 2833 Sed
1080 2803 1208 2835 afflicto
1236 2814 1297 2844 pro
1323 2803 1450 2834 delicto

211 2843 332 2875 Versis
358 2844 458 2876 cedat
482 2846 629 2888 yicibuS.
1032 2847 1135 2879 Vitae
1162 2849 1291 2889 pandat
1322 2845 1455 2879 limina.
