1785 3111
93 228 163 267 25.
197 227 279 265 Rex
305 226 482 264 virtutem
514 225 576 264 fac
608 228 784 266 devotum

251 284 318 322 Me
347 283 386 320 in
416 287 504 321 tuae
534 283 713 322 laudibus

197 340 423 384 Genetricis,
457 350 553 387 quae
583 341 733 388 pudicis

253 397 381 436 Gessit
411 402 449 434 te
477 397 698 439 visceribus

90 511 161 551 26.
192 511 288 548 Eius
319 511 454 548 laudes
486 516 620 549 contra
652 511 807 551 fraudes

251 567 402 606 Inimici
434 567 576 606 faciant

196 624 275 662 Nos
306 625 468 663 invictos
500 630 536 662 et
568 624 743 663 adflictos

253 683 287 720 A
322 682 431 720 malis
463 682 641 729 eripiant.

91 797 162 835 27.
198 796 279 833 Rex
311 795 501 842 perennis,
535 794 596 833 fac
618 807 676 833 me
699 797 826 845 regnis

252 852 431 891 Gaudere
462 853 689 890 caelestibus

193 909 291 948 Cum
323 909 455 946 amicis
486 910 689 956 genetricis

253 967 357 1003 Tuae
388 970 542 1003 sanctae
578 965 768 1013 precibus.

823 115 906 156 453

917 233 982 271 28.
1016 234 1124 271 Inter
1154 244 1256 281 oves,
1290 245 1382 280 quas
1413 238 1454 271 tu
1486 233 1593 273 foves

1072 290 1232 328 Pietatis
1264 291 1398 338 gratia,

1015 348 1080 385 Me
1112 357 1267 384 recense
1298 352 1411 394 atque
1443 358 1596 386 mensae

1074 404 1177 441 Tuae
1210 403 1317 441 bonis
1349 405 1458 444 satia.

918 517 984 554 29.
1018 516 1197 554 Illibatae
1228 517 1361 554 matris
1392 522 1493 565 nate,

1073 573 1236 620 Christe,
1270 585 1356 620 spes
1385 573 1568 621 fidelium,

1017 629 1075 667 Da
1107 641 1190 667 cum
1222 631 1365 668 sanctis
1397 631 1611 678 ignorantis

1073 686 1207 723 Finem
1238 687 1344 734 regni
1374 688 1564 734 gaudium.

915 800 980 836 30.
1004 798 1092 836 Tibi
1124 803 1212 836 nato
1245 810 1328 836 cum
1360 799 1470 837 beato

1070 856 1185 894 Patre
1216 857 1298 893 laus
1331 862 1367 893 et
1398 857 1520 903 gloria

1013 911 1268 961 Flaminique⁷
1301 914 1364 960 qui
1395 914 1546 961 utrique

1070 969 1236 1016 Compar
1268 975 1324 1007 est
1358 980 1427 1018 per
1457 970 1597 1009 omnia.

663 1137 942 1184 Rhythmus
974 1140 1058 1178 XV.

124 1252 161 1289 1.
194 1250 326 1288 Mater
354 1250 440 1300 Dei,
475 1261 544 1297 per
575 1261 686 1297 quam
719 1251 775 1288 rei

252 1308 544 1354 Consequuntur
574 1308 735 1357 veniam,

193 1365 297 1410 Quae
327 1364 453 1400 vicisti
485 1363 677 1401 maledieti

252 1421 450 1467 Serpentis
482 1421 675 1470 astutiam,

117 1537 160 1574 2.
193 1534 416 1581 Benedicta,
450 1532 512 1571 fac
542 1544 609 1571 nos
640 1535 693 1572 ita

247 1592 329 1629 Tua
360 1589 458 1628 festa
487 1590 623 1639 colere,

189 1649 242 1688 Ut
273 1652 470 1686 venturam
501 1658 570 1694 per
600 1652 637 1684 te
667 1648 763 1686 iram

249 1704 439 1743 Possimus
472 1704 647 1742 evadere.

73 1820 98 1857 3
146 1850 154 1858 .
187 1819 217 1857 Ο
249 1818 422 1865 insignis,
455 1822 497 1854 ut¹
529 1822 564 1855 te
597 1818 722 1867 dignis

249 1875 451 1912 Valeamus
476 1874 652 1912 laudibus

190 1932 392 1980 Venerari,
426 1929 488 1968 fac
518 1932 694 1969 mundari

248 1988 326 2026 Nos
356 1999 378 2025 a
410 1988 532 2035 culpis
563 1988 749 2027 omnibus.

111 2104 151 2141 4.
183 2102 238 2140 'I'e
269 2101 440 2150 laudare,
471 2101 697 2149 praedicare

244 2159 372 2205 Atque
403 2157 630 2196 benedicere

187 2216 451 2258 Delectantur,
484 2215 546 2262 qui
579 2220 764 2253 conantur

244 2272 307 2309 Ad
338 2283 484 2309 summa
513 2272 743 2319 pertingere.

113 2389 154 2426 5.
187 2386 286 2423 Nam
319 2389 356 2421 et
385 2384 461 2431 ipsi
490 2385 678 2432 quondam
705 2385 811 2422 missi

247 2441 353 2479 Caeli
385 2441 486 2478 cives
517 2441 640 2478 incliti

187 2497 486 2545 Congaudebant
517 2508 586 2534 nec
618 2498 806 2545 tacebant,

245 2556 384 2601 Quanti
417 2565 518 2592 esses
550 2555 688 2592 meriti.

113 2671 153 2708 6.
190 2668 308 2715 Virgo
340 2666 447 2713 felix,
478 2678 549 2715 per
570 2679 682 2715 quam
705 2669 819 2705 caelis

245 2726 372 2771 Atque
402 2725 515 2762 terris
547 2725 725 2772 gaudium

186 2781 258 2818 Est
289 2781 485 2827 tributum,
517 2792 613 2827 quae
641 2783 822 2819 virtutum

245 2836 412 2874 Geminis
444 2836 566 2885 fulges
598 2839 775 2887 omnium,

947 1253 981 1291 7.
1015 1253 1245 1302 Deprecare‚
1279 1257 1319 1290 ut
1348 1254 1470 1291 vitare

1073 1310 1150 1346 Nos
1182 1315 1339 1356 peecata
1371 1309 1489 1348 faciat

1014 1367 1094 1404 Rex
1127 1371 1315 1414 aeternus,
1353 1378 1400 1404 ne
1431 1367 1604 1406 infernus

1073 1424 1161 1460 Post
1193 1429 1353 1461 mortem
1387 1425 1586 1471 deglutiat.

938 1537 976 1576 8,
1011 1536 1125 1583 Virgo
1152 1542 1294 1585 sancta,
1329 1548 1452 1587 cerne,
1487 1543 1642 1585 quanta,

1071 1592 1301 1631 Perferanus
1333 1595 1473 1641 iugiter

1007 1649 1310 1698 Temptamenta‚
1346 1656 1382 1687 et
1415 1655 1586 1689 sustenta

1067 1707 1157 1751 Nos,
1190 1712 1230 1745 ut
1262 1713 1402 1745 stemus
1435 1706 1601 1748 fortiter.

940 1821 977 1859 9.
1011 1819 1107 1870 Heu,
1142 1820 1233 1866 quid
1257 1819 1342 1870 feci,
1378 1832 1460 1858 cum
1482 1832 1542 1859 me
1563 1822 1649 1860 neci

1067 1877 1229 1914 Tradidi
1259 1883 1483 1926 perpetuae,

1010 1933 1189 1971 Vanitate
1222 1938 1356 1983 captus
1393 1935 1492 1972 vitae

1066 1991 1202 2028 Brevis
1235 1996 1270 2028 et
1303 1992 1473 2039 exiguae.

914 2103 978 2142 10.
1013 2105 1171 2150 Quantis
1203 2105 1305 2142 visus
1338 2116 1418 2141 sum
1452 2105 1567 2142 elisus

1066 2161 1115 2198 Et
1146 2161 1298 2199 auditus
1331 2162 1513 2211 lapsibus,

1008 2217 1163 2265 Gustus,
1196 2222 1320 2255 tactus
1353 2222 1388 2254 et
1421 2217 1587 2256 olfactus

1065 2274 1296 2311 Vulneratus
1327 2275 1501 2313 sensibus
1523 2277 1529 2312 Ε

914 2387 976 2425 11.
1011 2387 1126 2434 Virgo
1157 2387 1272 2437 mitis,
1306 2389 1355 2426 ad
1388 2393 1425 2425 te
1455 2389 1578 2427 tristis

1066 2444 1115 2481 Et
1148 2454 1320 2482 maerens
1352 2444 1541 2495 confugio,

1008 2500 1208 2537 Meliorem
1241 2502 1290 2539 ad
1320 2502 1541 2549 languorem

1067 2557 1205 2594 Curam
1237 2570 1310 2596 non
1343 2559 1507 2597 invenio.

910 2670 974 2708 12.
1009 2671 1064 2708 Te
1095 2681 1229 2718 rogare
1262 2671 1453 2718 singulare

1066 2727 1202 2774 Lapsis
1235 2733 1291 2764 est
1322 2728 1544 2774 remedium⁷

1009 2783 1190 2821 Sanitatis
1223 2785 1430 2821 vulneratis

1066 2841 1138 2878 Per
1169 2852 1277 2887 quam
1309 2841 1420 2878 datur
1444 2840 1637 2888 gaudium.
