1785 3111
710 81 1023 122 —189—

248 197 312 237 10.
361 197 391 235 O
423 197 529 243 socii,
561 197 643 234 sine
673 195 747 234 fine
779 197 902 234 Deum

361 253 535 291 Carmine
566 254 641 291 iam
674 264 892 292 resonemus
924 264 1021 301 eum,

354 310 426 357 Qui
456 321 524 347 sua
554 321 710 348 munera
741 311 813 347 rite
847 311 953 348 dedit

356 367 498 404 Nostra
528 367 694 404 libenter
724 372 761 404 et
790 368 874 414 ipse
906 369 1022 415 capit,

357 423 531 460 Christus
563 429 601 461 et
630 424 795 471 optimus
827 425 888 460 hic
919 424 1022 461 Deus
1054 431 1123 463 est.

152 514 416 590 5Biz·3owerus·p.
443 511 503 552 693
530 513 712 545 Diimmler
737 514 782 545 II,
808 512 885 545 246.
914 531 955 535 -
976 512 1003 552 1,
1023 512 1044 544 2
1061 518 1153 545 tunc.
1172 532 1216 535 ——
1233 512 1264 552 4,
1283 513 1303 545 5
1321 514 1480 546 Christus
1498 518 1530 546 et
1549 524 1655 546 arma.

84 575 126 581 ——-
176 581 184 597 ‚
254 568 408 600 quosvis.

506 641 586 678 138.
623 642 679 684 (7).
717 642 893 686 Hymnus
920 642 967 676 de
993 641 1234 686 Epiphania.

259 732 293 769 1.
341 731 414 778 En,
448 731 543 768 caeli
576 731 734 767 rutilant
765 731 907 767 lumina
939 731 1157 778 splendida,

340 789 548 826 Testantur
580 787 781 824 Dominum
814 797 971 824 nascere
1002 788 1216 836 parvulum,

341 844 413 890 Qui
444 843 585 882 format
614 844 769 880 minima
801 848 838 880 et
869 845 932 890 qui
966 848 1069 880 creat
1099 844 1233 890 ardua⁷

339 901 462 948 Regni
493 905 646 948 sceptra
677 905 810 937 tenens
842 905 899 937 est
931 901 1034 938 Deus
1065 906 1179 948 atque
1210 902 1335 940 homo.

258 993 296 1030 2.
347 991 468 1028 Duxit
498 991 611 1028 stella
642 1002 771 1038 magos
801 991 963 1037 mystica
992 1002 1176 1038 quaerere

344 1048 458 1094 Regis
490 1047 641 1095 pacifici
673 1048 746 1084 rite
779 1048 979 1096 cunabula,

344 1106 462 1151 Quem
494 1105 639 1142 Iudaea
670 1108 803 1141 tenens
835 1105 938 1142 orbis
969 1105 1008 1141 in
1039 1106 1173 1142 ultima

342 1161 501 1199 Diffusis
534 1161 652 1199 radiis
683 1162 833 1199 nuntiat
864 1162 1008 1199 inclita.

259 1254 295 1292 3.
342 1253 518 1290 Herodes
552 1253 705 1299 capiens
737 1253 876 1300 impius
908 1253 1075 1296 auribus.

342 1310 451 1355 Quod
484 1320 552 1347 rex
583 1310 645 1346 hic
677 1309 802 1347 fuerat
833 1315 957 1355 natus,
989 1310 1027 1346 in
1058 1310 1215 1347 urbibus

342 1367 507 1404 Iudaeae
538 1367 638 1404 hunc
672 1367 783 1403 citius
815 1377 997 1413 quaerere
1029 1367 1219 1414 praecipit

344 1424 482 1460 Tristis
514 1434 676 1471 moxque
707 1424 789 1460 neci
821 1424 975 1461 tradere
1009 1425 1188 1464 destinat.

258 1516 294 1553 4.
341 1516 521 1552 Inventus
553 1514 737 1551 Dominus
770 1514 897 1551 indice
931 1515 1056 1552 sidere
1088 1519 1146 1552 est

340 1572 384 1608 In
416 1571 590 1608 Bethlem
623 1572 770 1618 pariter
802 1582 960 1618 cumque
991 1572 1228 1623 parentibus,

343 1627 413 1666 Cui
442 1639 529 1665 mox
561 1639 650 1675 ergo
683 1629 782 1675 magi
814 1639 970 1666 munera
1003 1628 1194 1679 deferunt,

343 1685 433 1732 Tus,
466 1696 645 1729 murram,
678 1697 812 1722 aurum
844 1686 891 1722 ab
924 1686 1046 1732 Ophir
1077 1687 1172 1734 regi,
1205 1687 1361 1735 homini,
1391 1687 1484 1727 Deo.

259 1778 297 1814 5.
343 1777 456 1824 Huic,
489 1780 577 1813 trux
608 1776 692 1823 ipse
723 1777 813 1813 licet
845 1778 990 1814 saeviat
1016 1778 1171 1814 horride

343 1833 533 1881 Herodes⁷
565 1833 694 1870 iubeat
726 1834 886 1870 caedere
918 1835 1110 1884 parvulos

343 1891 514 1937 Regnum
547 1890 619 1927 rite
649 1902 756 1927 suum
788 1890 950 1927 firmiter
980 1891 1147 1938 undique

345 1948 528 1985 Servatur
558 1947 737 1993 Domi1103
779 1948 923 1984 corruit
952 1948 1117 1986 invidus.

261 2040 299 2077 6.
347 2038 419 2082 En,
456 2042 513 2075 est
542 2038 616 2075 ista
648 2038 729 2075 dies
760 2050 916 2075 munere
945 2039 1097 2081 nobilis,

347 2095 545 2141 Baptismo
576 2095 670 2132 haec
699 2095 864 2140 Domini,
898 2096 1037 2132 nobilis
1069 2096 1228 2145 exstitit,

345 2153 455 2198 Quod
486 2153 614 2189 vinum
647 2152 831 2189 Dominus
863 2151 1009 2190 fecerat
1041 2163 1086 2190 ex
1117 2164 1228 2202 aqua,

344 2209 592 2247 Commendat
622 2209 775 2256 placide
806 2210 900 2246 hacc
931 2221 1041 2247 sacra
1073 2211 1264 2257 dogmata.

263 2301 298 2338 J]

348 2299 566 2337 Gaudemus
598 2300 745 2346 pariter
776 2300 979 2348 mentibus,
1010 2311 1067 2346 en,
1101 2311 1249 2349 precor,

344 2357 452 2402 Quod
481 2357 590 2393 nobis
621 2356 807 2394 Dominus
839 2358 900 2393 hic
932 2358 1017 2405 pius
1049 2358 1216 2407 advenit,

344 2414 451 2460 Quod
483 2418 614 2450 nostra
645 2414 763 2450 voluit
795 2425 951 2451 munera
983 2426 1143 2461 sumere,

345 2471 452 2517 Quod
485 2470 675 2517 baptisma
708 2470 828 2518 dedit,
861 2472 999 2517 pocula
1032 2472 1204 2512 contulit.

264 2562 301 2599 8.
348 2561 446 2598 Nam
478 2572 544 2598 rex
577 2561 752 2598 Christus
783 2563 893 2599 adest
923 2562 1026 2599 orbis
1059 2571 1095 2599 et
1126 2563 1272 2600 arbiter

347 2617 430 2654 Lux
464 2618 511 2654 de
541 2619 625 2654 luce
656 2619 719 2665 pia
752 2622 789 2655 et
819 2623 930 2665 pater
961 2620 1138 2664 omnium,

349 2674 418 2719 Qui
449 2686 517 2711 nos
549 2676 597 2711 ad
631 2675 793 2722 patriam
825 2677 937 2712 ducat
969 2681 1005 2713 et
1036 2677 1218 2723 optimam

350 2731 398 2767 Et
428 2731 529 2768 vitae
561 2730 675 2768 faeiat
705 2733 844 2778 gaudia
875 2741 1029 2771 metere.

1273 2594 1283 2612 7

182 2819 363 2851 Browerus
388 2832 421 2862 p.
447 2800 507 2862 '1703
534 2822 714 2854 Diimmler
739 2823 783 2861 ΙΙ,
810 2820 885 2853 217.
