1785 3111
136 392 205 430 ia.

137 607 206 643 2a.

135 822 208 858 Sa.

133 1206 211 1243 4a.

140 1423 212 1459 5a.

140 1693 215 1729 62.

140 1906 207 1943 7a.

136 2121 209 2159 Sa.

135 2337 206 2373 9a.

108 2607 157 2644 10
170 2616 204 2644 a.

732 58 1040 98 —584—

412 226 494 263 385.
530 226 588 269 (1.)
623 226 668 260 In
693 225 935 260 Festivitate
962 224 1156 269 corporis
1184 224 1351 260 Christi.

787 290 986 331 Sequentia.

247 389 393 439 Lauda,
427 388 529 434 Sion,
561 388 801 434 salvatorem,

246 447 380 483 Lauda
412 445 545 482 ducem
578 448 613 481 et
644 447 835 490 pastorem

302 504 346 540 In
376 502 527 549 hymnis
559 504 595 538 et
627 500 796 539 canticis.

246 604 389 641 Laudis
420 604 547 640 thema
578 602 753 649 specialis

247 661 360 698 Panis
391 660 498 697 vivus
530 663 568 696 et
597 659 725 696 vitalis

306 717 432 754 Hodie
464 716 700 765 proponitur,

253 819 310 856 Sit
339 819 421 856 laus
453 818 578 867 plena,
612 817 661 853 sit
691 827 838 866 sonora,

250 875 308 913 Sit
338 875 515 922 iucunda,
548 875 598 911 sit
631 874 769 911 decora

307 932 451 969 Mentis
482 931 677 977 iubilati03

248 989 339 1026 Dies
372 989 469 1024 enim
502 987 684 1024 sollennis
716 987 850 1036 agitur,

249 1046 292 1082 In
304 1056 376 1091 qua
388 1054 539 1081 mensae
551 1043 674 1090 prima
687 1044 866 1081 recolitur

302 1101 425 1138 Huius
456 1100 658 1138 institutio.

252 1204 361 1251 Quod
378 1204 417 1240 in
436 1214 529 1240 cena
543 1202 716 1240 Christus
729 1201 858 1250 gessit,

250 1260 483 1297 Faciendum
515 1260 586 1296 hoc
617 1259 805 1306 expressit

305 1318 349 1354 In
380 1317 438 1354 sui
468 1316 698 1367 memoriam,

256 1419 403 1466 Dogma
437 1419 549 1456 datur
581 1418 810 1465 christianis,

252 1476 361 1522 Quod
380 1476 418 1512 in
438 1486 588 1513 carnem
603 1475 738 1512 transit
752 1474 861 1521 panis

312 1533 363 1570 Et
393 1532 519 1569 vinum
551 1532 589 1568 in
620 1531 860 1580 sanguinem,

259 1689 336 1728 Sub
371 1691 535 1728 dirersis
566 1689 776 1737 speciebus,

253 1747 377 1794 Signis
410 1751 557 1784 tantum
590 1751 624 1783 et
652 1758 725 1784 non
749 1746 860 1783 rebus

314 1804 453 1841 Latent
485 1814 545 1840 res
579 1804 751 1847 eximiae,

252 1908 285 1943 A
317 1908 486 1941 sumente
517 1915 591 1940 non
624 1905 808 1951 concisus,

255 1961 341 1998 Non
359 1959 589 2005 confractus,
608 1972 680 1998 non
701 1961 857 2009 divisus,

308 2019 461 2064 Integer
494 2017 702 2064 accipitur;

252 2120 412 2158 Sumunt
445 2120 544 2167 boni,
578 2124 727 2156 sumunt
753 2119 856 2166 mali,

258 2177 368 2215 Sorte
399 2182 525 2214 tamen
555 2176 745 2223 inaequali

308 2233 418 2271 Vitae
449 2234 509 2271 vel
540 2233 739 2281 interitus,

248 2334 388 2372 Fracto
421 2335 568 2372 demum
600 2337 836 2372 sacramento

247 2390 306 2428 Ne
337 2392 505 2437 vacilles,
538 2392 604 2428 sed
636 2395 823 2428 memento

247 2448 410 2486 Tantum
434 2458 515 2484 esse
537 2447 605 2484 sub
625 2446 848 2496 fragmento,

306 2504 491 2550 Quantum
524 2508 603 2540 toto
633 2504 783 2550 tegitur.

247 2606 361 2654 Ecce,
394 2606 504 2652 panis
536 2605 768 2651 angelorum,

250 2662 390 2699 Factus
423 2661 526 2698 cibus
559 2661 760 2708 viatorum,

252 2720 350 2755 Vere
381 2718 490 2765 panis
521 2717 697 2763 filiorum,

310 2775 395 2812 Non
427 2775 632 2811 mittendus
665 2773 833 2810 canibus,

953 387 973 425 1
994 385 1029 424 b.
1061 386 1246 431 Quantum
1260 392 1381 436 potes,
1399 390 1544 423 tantum
1556 387 1668 433 aude,

955 602 1032 642 2b.

957 816 1032 854 ab.

958 1201 1037 1242 4b.

965 1417 1041 1456 5b.

964 1688 1042 1729 6b.

961 1904 1036 1942 71).

959 2118 1037 2157 Sb.

953 2333 1033 2372 9b.

928 2604 979 2642 10
996 2603 1034 2643 b.

1063 443 1157 490 Quia
1189 443 1308 480 maior
1339 444 1439 480 omni
1471 443 1593 492 laude,

1120 499 1201 536 Nec
1231 499 1388 537 laudare
1419 498 1576 537 sufficis.

1066 602 1181 647 Quem
1202 601 1241 637 in
1259 612 1389 638 sacrae
1406 612 1536 638 mensa
1553 611 1668 638 cenae

1068 657 1218 694 Turbae
1250 657 1410 694 fratrum
1443 658 1640 695 duodenae

1118 714 1257 751 Datum
1289 725 1363 751 non
1395 714 1610 761 ambigitur.

1068 817 1111 853 In
1142 815 1213 852 hac
1241 825 1369 852 mensa
1398 816 1486 854 novi
1516 816 1614 863 regis

1068 873 1215 910 Novum
1257 873 1399 920 pascha
1429 883 1548 910 novae
1577 873 1672 920 legis

1123 929 1246 967 Phase
1278 934 1385 967 vetus
1416 929 1617 975 terminat,

1067 987 1303 1023 Vetustatem
1335 986 1496 1035 novitas,

1068 1042 1251 1080 Umbram
1284 1041 1389 1089 fugat
1420 1043 1572 1089 veritas,

1128 1099 1287 1136 Noctem
1319 1099 1384 1136 lux
1415 1099 1596 1137 eliminat.

1071 1201 1184 1238 Docti
1215 1201 1333 1238 sacris
1364 1201 1548 1238 institutis

1071 1258 1211 1295 Panem
1245 1258 1370 1294 vinum
1402 1258 1438 1294 in
1471 1257 1604 1294 salutis

1129 1315 1403 1353 Consecramus
1434 1314 1610 1351 hostiam.

1074 1416 1181 1464 Quod
1212 1427 1285 1453 non
1318 1416 1434 1464 capis,
1467 1416 1567 1462 quod
1600 1427 1675 1454 non

1408 1473 1528 1518 vides,

1075 1530 1258 1567 Animosa
1289 1528 1414 1566 firmat
1444 1528 1539 1566 fides

1133 1588 1290 1624 Praeter
1320 1597 1445 1623 rerum
1476 1585 1660 1625 ordinem.

1075 1690 1172 1728 Caro
1204 1688 1319 1737 cibus,
1354 1687 1504 1734 sanguis
1534 1691 1658 1735 potus,

1074 1746 1207 1783 Manet
1232 1749 1357 1782 tamen
1380 1744 1552 1782 Christus
1573 1748 1674 1781 totus

1132 1801 1208 1840 Sub
1241 1806 1399 1848 utraque
1430 1801 1568 1848 specie.

1071 1904 1190 1940 Sumit
1220 1915 1314 1940 unus
1333 1931 1341 1947 ,
1374 1906 1525 1940 sumunt
1555 1903 1672 1951 mille,

1072 1961 1258 2005 Quantum
1289 1960 1363 2009 isti,
1397 1964 1542 1997 tantum
1573 1960 1651 2007 ille,

1128 2016 1209 2053 Nec
1230 2022 1402 2064 sumptus
1424 2015 1668 2055 consumitur.

1070 2118 1176 2155 Mors
1209 2126 1265 2154 est
1285 2118 1407 2166 malis,
1440 2118 1519 2155 vita
1541 2117 1674 2164 bonis;

1070 2175 1182 2224 Vide,
1214 2175 1316 2222 paris
1348 2174 1572 2221 sumptionis

1127 2233 1246 2278 Quam
1278 2232 1326 2268 sit
1358 2231 1489 2279 dispar
1519 2231 1656 2267 exitus.

1067 2333 1183 2371 Nulla
1213 2333 1268 2369 rei
1298 2332 1341 2369 fit
1372 2332 1548 2380 scissura,

1067 2390 1172 2436 Signi
1204 2394 1349 2427 tantum
1382 2388 1421 2426 fit
1455 2387 1636 2437 fractura,

1067 2448 1147 2493 Qua
1176 2456 1246 2482 nec
1269 2450 1388 2483 status
1409 2456 1479 2482 nec
1500 2449 1645 2483 statura

1124 2503 1271 2549 Signati
1302 2502 1493 2539 minuitur.

1067 2605 1110 2641 In
1138 2602 1266 2650 figuris
1296 2602 1573 2649 praesignatur,

1070 2660 1161 2698 Cum
1194 2660 1301 2697 Isaac
1330 2659 1561 2704 immolatur,

1066 2718 1197 2763 Agnus
1227 2715 1394 2752 Paschae
1426 2715 1643 2764 deputatur,

1123 2772 1246 2809 Datur
1276 2783 1412 2809 manna
1442 2772 1628 2818 patribus
