1785 3111
700 36 1009 76 -991—

208 153 259 191 30
307 151 480 190 Iustitiae
511 151 602 188 solis
632 151 806 198 genetrix
836 151 917 188 sine
947 150 1089 188 semine
1119 150 1250 197 prolis.

306 208 389 245 Neu
422 208 598 245 dubitare
629 208 724 244 velis
757 208 930 254 exemplo
962 206 1064 244 facta
1094 206 1232 254 fidelis,

304 265 530 302 Helisabeth
561 264 683 301 sterili
717 265 826 301 datus
863 270 919 301 est
949 264 987 300 in
1020 269 1151 302 ventre
1181 264 1290 300 senili

303 322 360 359 De
391 325 584 359 marcente
614 321 697 358 viro
728 332 884 368 magnus
916 331 1011 368 puer
1041 320 1175 357 ordine
1205 320 1314 358 miro.

303 378 422 416 Lacte
453 382 600 415 tumens
632 381 764 424 pectus
795 379 870 414 iam
904 377 1017 414 discit
1047 377 1189 414 habere
1219 380 1404 426 senectus,

209 436 260 474 :35
307 435 472 482 Pignore
502 435 642 482 gaudet
674 446 778 480 anus,
811 434 948 481 gaudet
981 445 1127 480 quoque
1158 434 1315 481 pignore
1347 444 1474 474 canus.

305 493 442 530 Partus
475 496 658 538 cognatae
689 492 812 528 minor
843 496 899 527 est
926 496 963 527 et
996 491 1187 536 discrepat
1220 502 1241 527 a
1272 495 1332 538 te3

303 549 424 586 Iudex
455 553 493 585 et
523 559 662 595 praeco
693 559 762 585 nec
791 548 961 595 pondere
992 548 1172 595 penditur
1203 558 1334 593 aequo.

304 605 380 643 Sed
412 609 537 642 tamen
570 609 607 641 et
637 605 798 641 similem
830 605 931 641 servi
962 604 1099 650 probat
1129 608 1236 640 actus
1269 603 1439 649 herilem,

306 662 344 699 Si
376 663 516 699 sterilis
545 662 672 709 gravis
704 666 773 710 est,
805 661 837 697 si
868 661 974 707 virgo
1006 670 1193 707 puerpera
1227 661 1306 697 visa
1337 664 1405 697 est.

209 720 262 757 40
308 719 431 757 Unam
464 721 528 766 qui
559 719 695 764 credit,
727 729 801 755 non
832 716 931 754 hunc
963 728 1022 754 res
1053 718 1174 753 altera
1205 717 1336 755 laedit.

302 776 403 813 Hinc
433 775 582 813 firmato
616 775 741 822 fidem,
776 775 849 812 duo
880 774 976 811 mira
1009 774 1109 810 Deus
1141 772 1233 810 facit
1264 773 1379 811 idem.

307 833 474 871 Credula
504 832 724 880 respondit:
758 832 826 876 Qui
859 841 928 877 per
961 836 998 866 te
1029 834 1135 867 tanta
1165 830 1384 879 spopondit,

301 891 354 929 Ut
385 889 506 926 salvet
536 888 730 937 mundum,
761 888 854 924 mihi
887 888 951 925 det
981 893 1048 924 tua
1078 886 1194 923 verba
1225 886 1445 924 secundum.

166 1046 309 1079 Collect.
342 1057 405 1077 ms.
440 1046 473 1078 S.
505 1046 649 1078 Gatiani
682 1046 856 1078 Turonen.
891 1055 980 1076 saec.
1020 1042 1072 1076 12.
1121 1044 1162 1076 C(
1163 1044 1203 1075 d
1228 1045 1402 1076 Turonen.
1428 1041 1505 1075 890.
1532 1044 1571 1076 A.
1598 1062 1642 1066 ——

75 1091 219 1124 Collect.
248 1102 311 1124 ms.
337 1092 522 1133 Augustin.
550 1092 716 1123 Tolosan
743 1101 831 1123 saec.
860 1088 913 1123 13.
962 1090 1045 1123 Cod.
1070 1090 1175 1121 Tolos
1162 1100 1235 1122 a·.11
1261 1088 1337 1121 871.
1368 1091 1403 1121 Β.
1429 1107 1472 1110 -
1497 1090 1642 1123 Collect.

74 1148 124 1169 ms
130 1138 414 1179 .Tongerloense
432 1147 521 1169 saec
543 1135 593 1168 13.
627 1137 709 1169 Cod.
726 1137 927 1169 Bruxellen.
944 1134 1184 1175 3185(7797—
1199 1133 1286 1175 806).
1303 1136 1340 1167 C.
1358 1136 1643 1176 -sseaugendre

73 1183 139 1214 col
171 1181 268 1215 1567.
296 1184 337 1215 D.
363 1201 409 1204 —
432 1180 453 1215 3
478 1187 593 1214 mente
618 1183 706 1214 feres
733 1184 770 1214 Β.
788 1200 832 1203 -—
849 1181 868 1213 7
895 1183 985 1223 gerit
1012 1183 1115 1236 1)-⁴
1135 1178 1176 1212 10
1202 1181 1272 1212 tale
1297 1181 1380 1212 fecit
1406 1192 1517 1222 neque
1542 1183 1580 1213 Β.
1598 1199 1643 1202 -

75 1226 113 1260 11
141 1229 234 1260 fatur
258 1229 468 1269 vilguncula
492 1229 534 1260 D
566 1247 601 1250 —
633 1226 675 1260 19
701 1229 767 1259 tibi
792 1232 919 1259 castae.
946 1245 988 1248 —
1015 1225 1054 1258 31
1083 1228 1154 1258 Nec
1179 1227 1404 1261 (lubitar‘zel
1430 1226 1518 1257 10115
1536 1227 1642 1259 verbo

74 1275 145 1306 iam
175 1274 267 1306 facta
298 1274 341 1305 D.
367 1292 411 1295 —
435 1271 479 1306 38
504 1278 620 1306 tamen
647 1277 684 1305 ut
709 1274 859 1305 similem
885 1274 926 1304 D.
954 1292 995 1295 —
1021 1270 1065 1304 40
1090 1283 1159 1303 non
1184 1272 1289 1303 habet
1315 1283 1369 1304 1’05
1396 1250 1505 1304 Ξ·11’[01ί1
1532 1274 1574 1305 D.
1599 1289 1643 1293 —

71 1317 113 1350 41
143 1319 228 1351 facit
253 1320 348 1363 Deus
374 1320 415 1351 D.

395 1545 476 1580 301.
516 1546 573 1587 (3)
614 1543 756 1580 Oratio
782 1543 1031 1588 paenitentis
1059 1553 1177 1587 saepe
1202 1543 1307 1587 lapsi

273 1685 338 1723 Me
369 1685 567 1722 miserum!
601 1684 693 1732 quid
724 1683 862 1731 agam?
893 1688 1003 1730 porto
1035 1682 1103 1720 sub
1136 1689 1288 1729 pectore
1320 1684 1486 1730 plagam,

276 1742 431 1789 Plagam
464 1743 612 1788 peccati
644 1740 821 1778 foetentis
852 1744 889 1777 et
919 1740 1134 1786 inveterati,

275 1799 481 1845 Tamquam
513 1799 543 1835 si
576 1802 725 1846 portem
755 1797 824 1835 sub
857 1798 989 1834 eodem
1020 1800 1175 1844 pectore
1205 1802 1377 1835 mortem.

275 1856 393 1901 Quam
425 1856 598 1902 quotiens
628 1855 716 1905 lavi,
752 1855 926 1901 quotiens
959 1854 1164 1900 emplastra
1194 1854 1322 1902 ligavi,

209 1914 231 1951 5
278 1915 313 1950 A
346 1913 562 1959 corruptela
594 1912 733 1949 totiens
765 1916 820 1948 est
851 1912 953 1949 victa
985 1911 1144 1950 medela.

276 1969 386 2006 Mille
416 1969 599 2016 ligaturas
630 1969 783 2006 admovi
814 1968 867 2005 nil
899 1968 1094 2014 valituras,

277 2026 435 2074 Semper
465 2031 577 2072 rupta
609 2026 715 2074 cutis,
749 2035 900 2072 semper
932 2025 992 2062 via
1023 2025 1127 2061 nulla
1158 2024 1306 2061 salutis.

274 2083 377 2119 Hinc
406 2083 495 2119 totis
526 2083 630 2120 horis
661 2093 767 2119 mens
799 2086 856 2119 est
887 2092 969 2118 mea
1002 2082 1115 2128 plena
1145 2081 1304 2125 timoris,

274 2139 372 2176 Nam
407 2138 588 2177 formidat
619 2140 673 2176 ita
703 2139 828 2176 subito
859 2138 1056 2175 discedere
1088 2138 1166 2174 vita

178 2196 228 2234 10
274 2196 325 2233 Et
355 2195 525 2234 flammas
557 2196 698 2244 horret,
732 2195 867 2243 quibus
897 2196 992 2232 ultio
1024 2194 1183 2231 crimina
1214 2198 1346 2241 torret,

275 2252 466 2290 Flammas
497 2256 671 2290 aeternas
702 2251 984 2298 infernalesque
1015 2262 1209 2288 cavernas.

276 2309 368 2347 Cum
398 2314 524 2347 tamen
554 2310 648 2346 haec
678 2310 853 2357 meditor,
886 2306 1029 2345 frustra
1061 2317 1288 2354 consurgere
1319 2308 1434 2355 nitor,

278 2366 452 2404 Haerens
483 2367 624 2413 quippe
654 2367 733 2403 luto
765 2376 857 2412 prae
890 2365 1161 2402 consuetudine
1193 2368 1294 2404 nuto.

279 2423 324 2460 In
357 2427 410 2460 tot
442 2428 478 2459 et
508 2423 546 2459 in
578 2423 694 2460 tantis
724 2422 863 2459 violavi
893 2422 994 2459 iussa
1025 2422 1203 2471 tonantiS,

181 2480 232 2517 15
280 2480 389 2525 Quod
420 2491 539 2528 prope
573 2480 734 2527 despero
765 2479 969 2524 meliorari,
1000 2478 1087 2525 quia
1117 2489 1214 2518 sero.

279 2535 355 2573 Sed
385 2537 555 2583 quamvis
587 2547 685 2584 sero,
717 2540 843 2573 tamen
874 2535 1063 2573 adiutoria
1094 2546 1245 2582 quaero,

275 2593 361 2630 Non
392 2593 555 2631 humana
586 2593 750 2641 quidem,
782 2603 869 2629 nam
902 2596 987 2628 sunt
1018 2592 1109 2628 mihi
1141 2592 1291 2639 cognita
1322 2591 1497 2638 pride1n3

277 2650 368 2688 Sola
399 2650 527 2688 divina
558 2661 638 2687 sum
671 2649 878 2687 salvandus
908 2648 1109 2686 medicina.

274 2706 337 2743 Ad
369 2712 405 2743 te
436 2707 599 2753 suspiro,
633 2707 728 2743 caeli
758 2716 829 2742 non
864 2705 1015 2742 subdite
1046 2716 1150 2754 gyro,

180 2762 232 2801 20
279 2763 428 2801 Summe
460 2764 714 2808 sacerdotum,
747 2763 817 2798 tibi
850 2760 980 2799 defero
1013 2762 1139 2799 debile
1170 2766 1309 2798 votum.
