1785 3111
665 71 974 110 —131—

237 188 303 226 35.
353 186 511 225 Illusum
545 186 699 223 demens
730 195 770 222 se
800 186 934 223 videns
968 196 1034 222 rex
1067 185 1204 231 impius

349 245 383 280 A
414 244 546 290 magis,
579 243 752 280 Bethlem
781 242 896 291 misit,
931 247 1084 279 cunctos
1117 252 1254 287 pueros

349 300 442 337 Mox
472 311 494 337 a
526 299 671 336 bimatu
703 303 741 335 et
770 297 872 336 infra
900 310 970 346 per
1000 299 1166 346 gladium

565 356 726 394 Mandat
757 357 939 403 extingui.

237 460 302 498 36.
350 458 380 496 Ο
411 469 522 505 quam
554 458 720 495 crudelis
752 468 939 505 saevaque
969 458 1178 495 sententia!

350 515 523 552 Mactare
553 515 661 552 iubes
692 519 861 552 teneram
892 513 1106 561 infantiam,

351 572 512 609 Insciam
546 572 660 616 mali‚·
694 583 760 608 cur
791 583 865 608 non
898 572 1039 620 parcis,
1070 571 1198 618 impie,

567 629 731 666 Lacteae
762 628 892 676 proli?

240 733 308 770 37.
353 733 436 768 Vox
466 732 505 768 in
537 731 711 775 excelsis,
744 730 830 777 heu,
861 741 971 776 quam
1003 729 1125 766 tristis
1158 731 1323 773 resonat,

353 789 530 826 Ploratus
561 788 713 833 multus,
746 787 912 824 ululatus
943 786 1150 824 maximus!

352 846 551 883 Maternus
585 845 709 881 luctus
741 843 885 880 frustra
915 844 1054 890 premit
1084 842 1202 879 ubera

569 901 684 938 Nullo
716 905 886 948 sugente.

242 1005 308 1043 38.
353 1003 517 1053 Salvete,
550 1001 663 1040 flores
695 1007 904 1049 martyrum
936 1002 1145 1047 candiduli,

353 1060 536 1108 Respersi
566 1064 693 1097 tamen
726 1070 824 1107 rore,
857 1060 925 1096 sed
957 1069 1162 1107 purpureo,

355 1117 504 1154 Felices
536 1117 614 1154 nati
647 1117 717 1153 hac
748 1117 785 1153 in
817 1117 901 1153 luce
932 1117 1064 1165 rosuli,

567 1174 737 1220 Pulchri,
770 1174 923 1210 tenelli!

240 1278 306 1316 39.
353 1277 547 1315 Caelestes
577 1287 746 1323 prorsuS,
778 1276 953 1314 manibus
981 1276 1163 1323 angelicis

360 1334 535 1380 Collecti,
568 1334 658 1370 estis
690 1333 729 1370 in
759 1334 924 1370 canistro
956 1334 1083 1381 positi,

355 1391 456 1437 Agni
489 1390 558 1427 sub
589 1391 725 1427 throno
757 1402 867 1437 quam
900 1390 996 1427 bene
1027 1390 1216 1427 reconditi

572 1448 616 1484 In
645 1448 932 1494 sempiternum,

241 1551 308 1590 40.
356 1549 530 1587 Herodes
564 1551 664 1587 iacet
694 1552 732 1587 in
765 1548 959 1597 profundo
990 1550 1128 1587 tartari

355 1606 582 1645 Combustus
614 1606 789 1655 fiammis,
821 1607 1012 1643 laceratus
1043 1606 1249 1651 vermibus,

356 1664 445 1701 Pice
477 1664 675 1712 decoctus,
712 1665 920 1711 dissipatus
952 1662 1114 1712 fulgure,

571 1720 712 1759 Infelix
742 1722 821 1760 ille.

243 1825 312 1862 41.
360 1825 404 1862 In
436 1825 617 1871 paradiso
649 1835 728 1871 VOS,
762 1822 897 1861 famosi
929 1823 1050 1870 pueri,

357 1882 506 1918 Aureas
540 1882 672 1918 domus
704 1880 902 1927 fontesque
934 1879 1137 1926 lactifluOS,

359 1938 532 1975 Mellitos
564 1938 676 1975 modo
705 1938 911 1984 possidetis
944 1937 1100 1983 rivulos,

575 1994 734 2041 Semper
765 1993 909 2031 felices.

244 2098 311 2137 42.
361 2096 495 2134 Gloria
526 2100 680 2134 sanctae
710 2097 875 2133 trinitati
905 2097 1051 2146 unicae,

360 2153 466 2191 Patri
497 2158 674 2200 natoque,
708 2152 852 2190 flamini
882 2154 1082 2200 paraclito,

358 2211 409 2247 Et
440 2221 539 2247 nunc
571 2216 606 2247 et
638 2212 739 2247 ultra
771 2221 840 2257 per
870 2211 1053 2248 immensa
1084 2210 1239 2248 saecula

575 2268 632 2305 Sit
662 2278 825 2313 semper.
886 2269 1021 2307 Amen.

131 2355 274 2388 Collect.
311 2366 373 2387 ms.
406 2356 635 2387 Martialense
672 2366 763 2388 sae0.
804 2354 855 2388 10.
912 2356 996 2388 Cod.
1033 2356 1184 2387 Parisin.
1225 2354 1322 2387 1154.
1356 2357 1397 2387 A.
1432 2375 1475 2379 --
1534 2355 1619 2387 Cod.

42 2401 239 2433 Bruxellen.
269 2398 403 2433 8860—
406 2400 448 2432 67
476 2411 564 2433 saec.
595 2400 645 2433 10
672 2403 719 2432 in.
747 2402 784 2432 B.
810 2419 855 2422 —
880 2402 985 2433 Grad.
1012 2412 1073 2432 ms.
1101 2411 1191 2433 saec.
1221 2399 1306 2433 1⁰''11.
1349 2402 1433 2434 Cod.
1459 2401 1619 2443 Angelic.

41 2447 69 2478 B
105 2447 160 2478 ΠΙ
196 2444 237 2478 18
267 2444 369 2488 (123).
403 2448 440 2479 C.
474 2464 520 2469 —
551 2447 732 2488 Martyrol.
768 2451 802 2478 et
830 2447 949 2488 hymn.
975 2447 1167 2479 Modoetin.
1194 2458 1283 2478 saec.
1311 2445 1341 2479 9
1392 2447 1478 2479 eod.
1505 2448 1622 2488 Capit.

0 2534 1 2538 Ἰ
41 2491 213 2524 Veronen
247 2490 290 2524 90
319 2490 397 2533 (85).
431 2494 473 2524 D.
507 2510 546 2515 —
580 2493 663 2524 Cod.
696 2494 810 2534 Capit.
844 2494 1017 2524 Veronen.
1049 2490 1094 2524 88
1117 2489 1196 2533 (83).
1223 2503 1313 2524 saec.
1343 2491 1394 2525 10.
1424 2492 1502 2524 add.
1530 2502 1620 2523 saec.

43 2535 94 2570 10.
132 2538 173 2569 E
214 2555 253 2559 —
292 2537 434 2580 Georgii
468 2538 657 2571 Cassandri
690 2539 822 2578 Hymni
856 2539 993 2571 Eccles.
1027 2539 1111 2580 imp.
1146 2538 1315 2570 Coloniae
1352 2536 1449 2570 1556.
1485 2549 1518 2579 p.
1556 2535 1618 2568 101

41 2593 117 2625 sqq.
142 2584 180 2614 F.

132 2626 164 2667 2,
190 2627 211 2660 2
235 2628 346 2660 undas
371 2628 458 2660 fehlt
481 2628 532 2667 E,
558 2629 652 2660 unda
676 2629 726 2668 D;
754 2628 868 2660 duleis
893 2629 996 2660 undis
1022 2629 1062 2660 A.
1089 2646 1130 2650 —
1157 2627 1189 2666 2,
1216 2626 1236 2660 3
1263 2629 1404 2670 Equavi
1421 2629 1461 2659 A.
1488 2645 1533 2649 —-
1549 2625 1580 2665 2,
1599 2626 1621 2658 4

43 2674 185 2705 flactus
228 2684 349 2705 sereno
392 2674 437 2713 C;
481 2674 581 2706 Flato
620 2675 659 2705 A.
699 2693 739 2696 —
779 2672 817 2712 3,
858 2672 873 2705 1
914 2675 1075 2706 rutilanti
1114 2675 1226 2713 CDE3
1271 2675 1460 2705 rutilantur
1498 2673 1538 2705 A.
1577 2690 1620 2694 -—

43 2716 74 2753 3.
101 2716 121 2749 2
147 2719 297 2751 Subfusa
331 2720 378 2758 D,
412 2720 514 2751 laetis
540 2721 617 2759 BF,
654 2721 807 2751 ini-oram
833 2720 878 2759 ῦς
912 2721 1045 2751 inrorat
1070 2720 1119 2760 E,
1154 2722 1283 2751 irrorat
1308 2721 1358 2759 D,
1392 2721 1428 2750 in
1455 2723 1547 2750 terra
1572 2719 1618 2751 A:

44 2763 237 2796 dulcedinis
263 2765 306 2803 C,
338 2764 522 2796 dulcedine
547 2766 587 2796 A.
612 2783 658 2786 —
682 2764 714 2803 3,
739 2763 760 2796 3
786 2765 1019 2797 laetabundus
1046 2766 1084 2798 C.
1109 2784 1152 2789 —-
1177 2763 1208 2803 3,
1235 2764 1257 2796 4
1282 2765 1432 2797 Gavisus
1460 2765 1555 2795 Deus
1579 2764 1619 2794 A.

43 2825 86 2830 -—
121 2807 157 2847 4,
195 2807 216 2842 3
249 2811 367 2842 suavis
399 2811 462 2842 hec
494 2811 738 2843 desiderabilis
776 2812 817 2842 D.
852 2829 898 2832 —
927 2809 958 2849 4,
993 2809 1014 2842 4
1044 2812 1080 2842 in
1114 2811 1197 2843 orbe
1233 2811 1311 2850 AB,
1350 2812 1386 2841 in
1425 2810 1543 2841 orbem
1569 2810 1620 2848 D;

1367 2863 1419 2897 9*
