1785 3111
808 102 1061 141 —5—

354 221 419 257 14.
537 214 571 257 0
604 216 695 254 felix
729 217 840 252 duum
868 215 1015 251 unitas!

482 275 593 312 Alter
623 273 722 320 quod
754 283 836 308 cum
867 271 914 307 sit
944 271 1085 308 mixtus
1112 271 1151 307 in
1182 271 1316 321 altero,

539 331 662 368 Unum
694 329 747 366 sic
779 327 922 366 faciunt
942 327 1038 380 duo,

484 387 539 424 Sit
570 387 608 422 in
641 385 786 422 duobus
818 395 912 432 cum,
946 389 1002 420 est
1033 384 1132 430 quod
1164 384 1201 421 in
1230 384 1364 422 altero.

358 503 419 538 15.
538 495 653 537 Patri
686 498 752 534 sed
785 497 932 543 genitus
964 500 1073 543 paret

485 556 715 601 Omnemque
745 554 795 591 ad
825 560 955 591 nutum
987 554 1169 590 attonitus
1201 559 1340 602 manet,

542 612 593 648 Et
619 612 717 648 scire
748 622 820 647 non
852 621 909 647 esc
939 611 1110 658 arduum,

484 669 582 715 Quid
614 668 706 705 velit
735 678 774 704 se
805 667 921 716 sequi,
954 677 1063 713 quem
1093 677 1209 713 penes
1241 671 1298 703 est
1328 671 1449 713 pater.

362 784 426 822 16,
544 777 697 834 Quanta
729 785 785 817 est
815 780 962 827 genitus
992 780 1031 816 in
1061 780 1181 817 bona!

487 838 582 874 Nam
615 838 839 874 constitutus
869 838 907 874 in
940 841 1158 873 cunctorum
1187 837 1358 884 exordia,

542 894 716 932 Condens
747 894 809 940 qui
841 894 1003 940 prinlum
1034 894 1185 930 saecula

485 953 691 988 Aeternum
723 951 761 987 in
789 955 931 989 motum
962 954 1134 996 tempora
1166 950 1337 996 protulit.

363 1066 425 1104 17.
544 1061 676 1102 Rebus
708 1063 875 1100 anterior
906 1063 1007 1100 Deus

487 1121 651 1163 Cunctis,
684 1130 767 1156 nam
799 1130 869 1166 per
899 1131 982 1156 eum
1013 1120 1138 1157 omnia
1171 1119 1273 1157 facta
1304 1125 1404 1167 sunt,

544 1178 658 1214 Esset
689 1187 772 1213 cum
802 1177 959 1213 nihilum
991 1177 1115 1219 modo,

494 1234 677 1271 Mundum
712 1243 894 1280 corporeo
927 1234 1097 1270 condidit
1126 1233 1165 1270 in
1196 1238 1309 1273 statu.

364 1348 428 1386 18.
545 1342 626 1386 Sed
657 1357 724 1383 nos
755 1346 885 1382 littera
915 1357 987 1383 non
1019 1347 1119 1396 sinit,

493 1404 565 1440 Per
596 1414 704 1449 quam
737 1407 774 1439 te
804 1404 970 1450 genitum
1002 1404 1231 1440 concinimus
1261 1404 1394 1448 Deum,

546 1459 674 1503 Gesta,
707 1471 802 1506 quae
833 1465 897 1497 tua
929 1465 1026 1509 sunt,
1059 1461 1159 1507 loqui

492 1517 726 1562 Carmenque
756 1521 897 1563 natum,
928 1517 1002 1553 iam
1034 1517 1097 1563 qui
1129 1528 1211 1554 eras
1243 1517 1357 1555 Deus.

361 1631 425 1668 19.
544 1626 604 1668 Te
635 1630 780 1666 cunctis
811 1630 1011 1666 Dominum
1042 1629 1164 1666 modis

489 1687 686 1724 caelorum
718 1697 843 1733 regem
875 1690 912 1721 et
943 1686 1116 1722 caelestis
1148 1686 1291 1732 gloriae

544 1743 595 1780 Ut
628 1748 762 1779 cuncta
793 1753 861 1788 per
892 1747 929 1778 te
961 1743 1113 1779 condita

253 1910 283 1947 2,
309 1909 329 1942 2
356 1921 501 1942 nascens
519 1910 559 1947 G,
586 1920 695 1951 gegen
714 1910 770 1941 die
788 1911 851 1941 Hs.
869 1927 911 1931 —
929 1908 960 1948 3,
978 1908 1000 1941 4
1017 1912 1126 1941 sancti
1145 1911 1340 1941 verbessert
1357 1910 1398 1946 G,
1423 1908 1513 1942 ohne
1533 1910 1662 1942 Grund.
1680 1927 1725 1931 —

163 1956 193 1995 6,
219 1956 241 1988 4
267 1957 518 1998 primogenitus
543 1956 583 1990 G,
617 1966 728 1997 gegen
752 1955 807 1986 die
831 1957 892 1986 Hs.
922 1973 961 1976 —-
988 1957 1019 1993 ὅ,
1043 1955 1066 1987 4
1091 1957 1126 1986 in
1152 1955 1237 1987 fehlt
1262 1956 1325 1986 HS.
1350 1972 1395 1976 —
1422 1953 1473 1994 10,
1498 1953 1519 1987 3
1537 1956 1595 1987 Nil
1620 1959 1723 1990 nate:

160 2004 190 2035 G
215 2003 411 2034 verbessert
444 2004 539 2031 natO.
568 2018 610 2021 ἢ
639 1999 689 2036 12,
718 1998 733 2031 1
759 2002 887 2032 Mirum
913 2002 979 2032 Dei
1000 2002 1065 2033 hoc
1090 2012 1176 2042 opus
1202 2006 1263 2032 est.
1290 2002 1353 2032 Hs.
1380 2020 1421 2023 —
1467 1999 1516 2040 13,
1543 1998 1564 2031 2
1590 2000 1618 2032 G
1643 2001 1725 2042 tilgt

163 2050 209 2086 in,
240 2058 351 2089 gegen
375 2048 441 2078 den
459 2047 556 2077 Vers.
574 2062 617 2066 —
644 2044 697 2083 14,
731 2044 751 2076 2
784 2047 881 2077 Alter
911 2049 969 2088 qui
1004 2058 1081 2078 cum
1114 2048 1159 2077 sit
1192 2048 1256 2077 Hs.
1289 2065 1332 2069 —
1368 2044 1418 2083 14,
1444 2044 1467 2077 4
1492 2046 1584 2088 quod
1609 2050 1662 2077 est
1686 2047 1723 2077 in

163 2095 227 2125 Hs.
253 2112 293 2115 —
323 2091 374 2130 15,
401 2090 422 2122 4
449 2091 539 2130 Quid
564 2091 651 2122 velit
675 2102 750 2123 sese
776 2093 835 2132 qui
862 2103 966 2133 penes
993 2090 1049 2123 ‹¹ss
1069 2096 1168 2133 pater
1195 2093 1258 2123 Hs.

252 2139 323 2169 Der
364 2137 482 2169 Inhalt
522 2137 633 2168 dieses
681 2137 899 2178 theologisch
940 2139 1063 2176 tiefen,
1106 2148 1162 2169 uni
1203 2137 1300 2168 nicht
1334 2147 1375 2167 zu
1414 2147 1519 2177 gagen
1557 2136 1723 2174 dunkeln,

162 2186 322 2225 Hymnus
355 2184 455 2213 weist
480 2193 543 2213 uns
568 2183 632 2213 wie
662 2184 724 2213 mit
749 2183 900 2223 Fingern
925 2184 988 2214 auf
1008 2183 1074 2214 den
1099 2183 1280 2214 Verfasser
1304 2182 1365 2213 der
1389 2183 1459 2212 LL.
1485 2182 1526 2213 de
1550 2182 1723 2213 Trinitate

164 2229 231 2260 und
258 2229 323 2260 den
350 2228 579 2268 Vorki‘impfer
603 2237 714 2268 gegen
739 2227 805 2258 den
830 2228 1060 2259 Arianismus.
1111 2229 1182 2259 Das
1208 2226 1383 2258 Versmass
1411 2227 1546 2258 besteht
1571 2237 1634 2258 aus
1662 2228 1726 2258 mit

161 2273 415 2316 glykonischen
454 2273 587 2303 Versen
635 2272 874 2304 wechselnden
918 2274 1187 2315 Asklepiadeen.
1251 2274 1420 2314 Liingung
1463 2272 1571 2303 durch
1613 2273 1722 2311 Arsis,

164 2321 330 2359 Kiirzung
363 2320 399 2349 in
431 2318 490 2349 der
524 2318 649 2348 'rhesis
683 2318 761 2349 sind
792 2318 945 2357 erlaubt⁷
980 2320 1108 2350 Hiatus
1140 2319 1303 2359 zulssissig.
1352 2317 1555 2349 Ausserdem
1589 2317 1725 2349 m6chte

163 2375 244 2396 man
269 2364 429 2406 glauben.
457 2363 532 2394 dass
557 2363 617 2393 der
634 2363 778 2394 Dichter
802 2364 875 2394 sich
902 2365 957 2395 (he
975 2365 1128 2396 Freiheit
1153 2364 1266 2401 nahmi,
1292 2363 1353 2393 hin
1379 2363 1448 2394 und
1473 2363 1599 2394 wieder
1615 2373 1724 2404 ganze

163 2410 232 2441 und
266 2410 369 2441 halhe
402 2409 508 2440 Verse
541 2408 647 2439 durch
682 2409 900 2450 ander-artige
934 2420 977 2440 zu
1013 2413 1185 2446 erse‘tzen,
1220 2419 1257 2440 so
1293 2408 1328 2445 1,
1364 2406 1401 2447 23
1438 2407 1497 2446 11,
1523 2407 1560 2447 ‘23
1599 2407 1658 2445 11,
1685 2406 1724 2446 4;

167 2454 225 2493 12,
251 2452 430 2495 4316‚2;
460 2451 510 2493 16,
537 2451 575 2485 3;
605 2451 656 2491 19,
682 2452 720 2493 2;
751 2452 800 2491 19,
826 2452 855 2485 3.

655 2599 690 2633 ι).
728 2599 785 2639 (2.)
823 2600 996 2642 Hymnus
1022 2599 1224 2635 Secundus

722 2669 769 2703 (in
796 2670 968 2710 principio
994 2668 1159 2708 mutilus).

438 2761 473 2796 1.
532 2756 693 2797 Fefellit
725 2770 874 2796 sacvam
907 2760 1063 2796 verbum
1095 2759 1234 2796 factum
1269 2763 1305 2795 et
1336 2770 1439 2804 caro,

536 2816 681 2862 Deique
712 2820 791 2853 tota
823 2816 898 2853 vivi
928 2817 966 2853 in
998 2827 1134 2863 corpus
1164 2816 1290 2854 irruis,
