1785 3111
159 186 227 223 23.

161 466 228 504 24.

162 749 230 786 25.

161 1030 228 1067 26.

162 1312 231 1349 27.

166 1593 230 1630 28.

190 2326 213 2362 N)

775 88 825 92 —
886 64 968 105 430
1028 86 1079 92 —-

259 182 480 227 Benedicta,
513 191 582 227 per
612 191 723 226 quam
755 180 856 217 victa

315 238 445 275 Hostis
477 244 533 273 est
564 237 742 285 versutia,

259 294 459 333 Restitutis
491 304 558 340 spe
589 292 721 329 salutis

317 351 440 388 Datur
469 349 716 395 indulgentia.

260 463 497 500 Benedictus
528 472 595 499 rex
627 461 801 509 invictus,

320 519 437 556 Cuius
469 523 591 556 mater
622 518 802 565 crederis,

263 577 330 623 Qui
363 579 495 612 reatus
527 586 572 612 ex
603 579 640 611 te
671 579 782 611 natus

319 632 455 670 Nostri
488 632 600 669 solvit
630 631 790 678 generis.

265 744 495 792 Reparatrix
527 749 564 782 et
594 744 752 781 solatrix

315 801 565 847 Desperautis
596 801 754 847 animae,

261 860 295 896 A
327 869 517 905 pressura,
551 868 645 904 quae
679 861 837 894 ventura

318 915 432 952 Malis
464 919 532 961 est,
563 924 620 950 me
651 914 806 953 redime,

262 1028 335 1064 Pro
366 1037 424 1063 me
455 1030 554 1074 pete,
586 1030 627 1063 ut
658 1027 783 1073 quiete

317 1083 554 1129 Sempiterna
582 1082 772 1129 perfruar,

266 1140 324 1177 Ne
356 1139 552 1176 tormentis
585 1139 839 1176 comburentis

323 1196 453 1243 Stagni
486 1196 600 1232 miser
629 1196 782 1232 obruar.

265 1310 368 1356 Quod
405 1309 567 1356 requiro,
600 1309 698 1355 quod
731 1309 893 1356 suspiro,

319 1367 405 1403 Mea
438 1377 528 1402 sana
547 1365 727 1411 «ulnera,

262 1423 311 1460 Et
346 1423 392 1459 da
424 1422 539 1458 menti
571 1426 607 1457 te
639 1422 809 1468 poscenti

320 1479 535 1516 Gratiarum
569 1489 738 1515 munera.

264 1592 315 1630 Ut
344 1592 413 1628 sim
443 1595 568 1628 castus
600 1596 637 1627 et
667 1591 870 1641 modestus,

319 1648 466 1697 Dulcis,
498 1648 672 1695 blandus,
705 1647 865 1691 sobrius,

263 1705 366 1748 Pius,
400 1708 537 1750 rectus,
572 1705 866 1751 circumspectus

318 1761 527 1798 Simultatis
559 1762 717 1799 nescius,

982 463 1034 499 30

982 743 1030 781 31

980 1309 1045 1346 33.

977 1591 1029 1628 34

736 1929 1016 1976 Rhythmus

220 2074 228 2083 .
262 2043 448 2080 Salutaris
479 2043 589 2079 stella
621 2043 748 2080 maris.

317 2098 476 2136 Summis
510 2099 622 2146 digna
654 2098 844 2146 laudibus,

264 2156 366 2201 Quae
388 2156 587 2202 praecellis
606 2155 749 2192 cunetis
767 2155 892 2192 stellis

318 2212 444 2259 Atque
474 2211 734 2250 luminaribus.

219 2353 228 2362 .
260 2324 340 2361 Tua
374 2324 474 2360 dulci
506 2335 619 2371 prece
650 2323 742 2361 fulci

323 2380 521 2426 Supplices
553 2386 589 2417 et
620 2380 761 2430 refove,

262 2436 454 2482 Quidquid
476 2441 606 2483 gravat
629 2439 688 2475 vel
708 2438 891 2484 depravat

321 2493 470 2529 Mentes
499 2497 659 2537 nostras,
692 2504 855 2532 remove.

220 2635 228 2643 .
261 2604 389 2652 Virgo,
414 2605 547 2653 gaude,
571 2616 664 2651 quae
688 2606 735 2643 de
757 2604 892 2643 fraude

314 2660 518 2697 Daemonis
546 2672 612 2698 nos
643 2661 795 2708 liberas,

260 2718 357 2754 Dum
390 2717 426 2753 in
461 2728 550 2755 vera
582 2722 615 2754 et
648 2719 797 2756 sincera

316 2773 437 2810 Deum
467 2784 578 2811 carne
609 2785 779 2823 generas,

1007 2044 1044 2080 4.

976 180 1041 217 29.
1075 179 1257 216 Eruditus
1289 182 1325 215 et
1358 177 1521 216 munitus

1132 235 1281 272 Divinis
1313 233 1482 281 eloquiis,

1075 291 1290 328 Timoratus
1323 296 1359 328 et
1390 296 1543 328 ornatus

1133 348 1258 385 Sacris
1290 347 1494 392 exercitiis,

1083 461 1282 505 Constans,
1316 460 1440 507 gravis
1469 464 1504 496 et
1536 459 1674 506 suavis,

1138 517 1341 563 Benignus‚
1374 516 1560 559 amabilis,

1086 573 1266 623 Simplex,
1298 584 1414 620 purus
1446 577 1481 609 et
1514 576 1694 618 maturus,

1140 630 1292 666 Patiens
1324 637 1360 667 et
1387 629 1551 667 humilis

1081 742 1204 780 Corde
1235 742 1415 790 prudens,
1447 751 1511 778 ore
1542 741 1697 778 studens

1135 799 1344 836 Veritatem
1377 798 1513 846 dicere,

1078 856 1221 893 Malum
1253 856 1397 899 nolens,
1429 855 1548 905 Deum
1586 854 1711 890 colens

1136 913 1202 949 Pio
1234 922 1384 958 semper
1414 922 1542 958 opere.

1040 1055 1047 1063 .
1081 1025 1174 1062 Esto
1205 1025 1334 1062 nutrix
1366 1029 1401 1061 et
1433 1024 1600 1061 adiutrix

1137 1081 1343 1119 Christiani
1373 1081 1516 1128 populi,

1082 1138 1214 1175 Pacem
1247 1143 1410 1184 praesta,
1446 1148 1491 1174 ne
1522 1137 1681 1174 molesta

1137 1194 1214 1231 Nos
1246 1194 1468 1240 perturbent
1501 1193 1656 1231 saeculi.

1081 1307 1137 1344 Da
1168 1307 1338 1344 levamen
1370 1312 1407 1344 et
1438 1307 1611 1343 iuvamen

1136 1364 1254 1400 Tuum
1287 1363 1363 1399 illis
1394 1363 1541 1409 iugiter,

1079 1420 1158 1457 Tua
1189 1418 1287 1457 festa
1319 1420 1397 1456 sive
1428 1423 1532 1466 gesta

1135 1476 1205 1523 Qui
1237 1477 1363 1513 colunt
1395 1476 1583 1513 alacriter.

1078 1591 1191 1627 Pater
1225 1589 1340 1638 Deus,
1374 1588 1428 1625 fili
1462 1589 1573 1634 Deus,

1140 1646 1242 1683 Deus
1274 1646 1372 1683 alme
1403 1645 1570 1692 spiritus,

1076 1704 1148 1740 Per
1179 1706 1332 1739 aeterna
1362 1713 1429 1738 nos
1461 1701 1640 1748 guberna,

1131 1759 1232 1796 Deus
1265 1769 1371 1805 uuus,
1404 1758 1567 1796 saecula.

1059 1929 1121 1967 IV.

1075 2041 1229 2078 Illibata
1260 2046 1295 2077 et
1329 2041 1448 2078 ditata

1133 2097 1297 2135 Caelesti
1328 2097 1518 2144 progenie,

1077 2153 1288 2192 Gravidata
1318 2164 1386 2189 nec
1417 2154 1565 2199 privata

1134 2210 1248 2248 Flore
1284 2209 1502 2257 pudicitiae,

1036 2353 1044 2362 .
1077 2323 1185 2370 Nam,
1219 2322 1319 2370 quod
1342 2333 1438 2367 eras,
1471 2331 1707 2368 perseveras,

1134 2380 1229 2417 Dum
1260 2380 1403 2416 intacta
1434 2389 1604 2425 generas,

1080 2436 1190 2472 Illum
1221 2439 1389 2472 tractans
1411 2440 1522 2481 atque
1547 2435 1706 2480 lactans,

1133 2494 1205 2530 Per
1236 2502 1342 2539 quem
1373 2490 1474 2528 facta
1500 2489 1640 2529 fueras

1075 2604 1172 2641 Mihi
1205 2609 1346 2641 maesto
1377 2614 1475 2640 nunc
1505 2602 1638 2640 adesto

1134 2661 1238 2698 Dans
1269 2669 1434 2706 perenne
1465 2658 1655 2706 gaudium,

1075 2718 1197 2763 Dona,
1228 2727 1378 2763 quaeso,
1410 2715 1520 2752 nimis
1551 2715 1652 2752 laeso

1132 2774 1310 2820 Optatum
1343 2772 1561 2809 remedium.
