1785 3111
715 59 1020 99 —591—

80 182 164 206 suae
195 170 325 205 horis“.
351 173 393 206 G.
419 190 460 194 —
489 173 630 214 „Oratio
667 172 779 204 sancti
812 171 1023 212 Thomae,
1054 183 1158 214 quam
1189 172 1279 204 dixit
1310 174 1346 205 in
1376 173 1470 205 felici
1495 174 1647 204 transitu

81 229 159 257 suo,
197 218 336 260 quando
372 219 503 260 recepit
539 215 820 250 euoharistiam“.
854 219 896 250 H.
929 235 973 239 -—
1008 219 1150 260 „Oratio
1188 219 1224 250 in
1257 220 1456 261 praesentia
1488 220 1645 260 corporis

80 263 245 297 Christi“.
270 265 298 296 Ι.

174 310 332 350 „Devota
358 310 469 341 oratio
494 309 589 341 beati
614 308 809 340 Thomae
842 309 891 341 de
917 309 1096 351 Aquino
1123 310 1166 341 ad
1191 320 1317 352 corpus
1345 307 1509 342 Christi“.
1534 311 1576 342 K.
1610 326 1648 331 --

81 355 223 395 „Oratio
242 356 354 387 sancti
371 355 399 386 Τ
410 354 432 386 h
443 365 463 386 o
474 365 507 385 m
518 364 539 386 a
550 365 566 386 e
584 354 632 386 de
649 354 741 397 Aqu
752 355 763 385 i
774 365 796 385 n
807 352 861 385 0⁴⁴.
875 356 914 386 L.
930 371 971 376 -
988 355 1130 394 „Oratio
1145 356 1257 387 sancti
1272 355 1427 387 Thomae
1440 355 1482 387 de
1497 355 1647 397 Aquino,

80 410 185 442 quam
217 400 306 432 dixit
338 401 375 431 in
408 400 503 432 felici
535 401 687 432 transitu
719 410 800 438 suo,
839 396 1009 442 [quando]
1044 401 1291 432 eucharistiam
1323 398 1486 442 reoepiff‘⁸
1522 402 1570 433 M.
1605 418 1649 422 —

81 445 184 487 „Alia
208 447 319 477 oratio
345 447 457 477 sancti
481 442 703 478 Thomae“.
730 446 772 477 N.
790 463 834 466 —
855 445 996 487 „Oratio
1023 446 1115 478 beati
1143 446 1337 478 Thomae
1366 447 1413 478 de
1439 447 1466 477 A
1480 443 1648 487 quino“.

79 491 119 521 Ο.
151 508 196 512 -
227 491 322 532 „Hos
353 501 475 522 versus
509 492 669 532 promisit
702 488 782 533 [sic]
816 494 956 522 sanctus
989 490 1175 523 Thomas
1208 492 1257 524 de
1289 493 1463 534 Aquino
1496 493 1648 523 instante

79 547 141 568 suo
179 537 276 568 obitu
312 539 392 568 ante
429 538 660 578 sumptionem
697 538 852 578 corporis
889 537 1032 568 Domini
1069 539 1180 568 nostri
1213 539 1294 569 lesu
1327 535 1497 570 Christs‘.
1531 538 1569 568 P.
1605 553 1648 558 —

80 583 221 623 „Oratio
259 582 422 621 dicenda,
456 582 594 623 quando
628 592 752 624 corpus
783 581 914 614 Christi
948 583 984 613 in
1018 582 1121 614 altari
1154 586 1338 621 tractatur,
1371 593 1475 624 quam
1507 585 1648 615 sanetus

78 627 270 658 Thomae
295 627 344 659 de
361 627 536 668 Aquino
565 625 793 670 composuit‘fi
813 628 852 667 Q.
871 645 913 649 —
934 628 1076 669 „Oratio
1097 629 1188 660 beati
1206 628 1397 660 Thomae
1415 629 1456 660 de
1473 628 1648 670 Aquino

79 675 162 704 ante
191 672 501 705 eommunionem⁴⁴.
529 674 559 704 R
582 691 627 694 —
