1785 3111
795 80 843 85 -
906 56 987 96 432

181 173 248 210 27.
282 172 504 209 Dominator
536 175 572 207 et
603 171 771 207 salvator

336 227 470 265 Mundi
500 227 782 275 benignissime,

280 285 339 321 Da
372 285 547 320 virtutem
580 288 616 319 et
647 284 805 320 salutem

337 340 519 386 Corporis
551 344 587 376 et
618 340 777 387 animae,

999 171 1063 209 28.
1096 171 1148 209 Ut
1181 170 1292 208 saluti
1324 170 1487 207 restituti

1154 227 1207 264 Te
1238 227 1448 274 laudemus,
1480 228 1652 276 Domine,

1097 284 1165 329 Qui
1197 283 1365 329 salvasti,
1398 295 1490 330 quos
1522 284 1672 335 creasti,

1151 340 1272 377 Natus
1302 340 1401 377 alma
1432 340 1588 387 virgine.

594 455 658 492 29.
694 454 806 490 Pater
836 452 952 500 Deus,
986 452 1040 489 fili
1072 453 1186 498 Deus,

750 509 852 546 Deus
883 509 981 546 alme
1013 509 1182 555 spiritus,

700 567 772 604 Per
802 570 956 603 aeterna
986 576 1053 602 nos
1085 565 1263 614 guberna,

748 622 849 659 Deus
880 633 988 667 unus,
1022 622 1182 658 saecula.

760 791 1035 838 Rhythmus
1078 791 1121 829 V.

209 906 246 944 1.
279 905 407 942 Mater
439 905 591 949 Christiq
625 915 721 951 quae
753 904 872 940 tulisti

333 961 459 999 Sacris
491 962 588 998 hunc
623 960 830 998 visceribus

277 1018 432 1064 Absque
464 1018 545 1054 viro
577 1023 689 1064 partu
719 1017 828 1059 miro,

333 1076 413 1120 Quo
444 1085 518 1121 pax
552 1075 665 1111 datur
695 1073 880 1120 gentibus.

206 1190 243 1226 2.
276 1188 361 1224 Huc
390 1190 597 1234 aspectum,
630 1186 702 1223 huc
732 1186 906 1223 affectum

334 1244 464 1290 Dirige
495 1243 715 1291 propitium,

280 1300 594 1338 Condescendens
626 1304 663 1336 et
683 1299 907 1346 impendens

336 1357 490 1394 Miseris
521 1357 715 1395 auxilium.

210 1471 246 1508 3.
279 1469 399 1516 Virgo
431 1470 544 1515 mitis,
577 1480 674 1516 quae
706 1469 877 1505 contritis

334 1526 446 1573 Spem
477 1526 628 1573 largiris
659 1526 805 1572 veniae,

275 1584 394 1621 Posce
425 1583 559 1628 Deum,
591 1587 631 1619 ut
663 1587 859 1629 tropaeum

317 1639 428 1694 ¹Suae
461 1640 522 1677 det
555 1640 751 1676 ecclesiae.

207 1754 244 1790 4.
277 1752 386 1789 Dona
416 1762 549 1799 pacem
582 1756 619 1788 et
650 1750 822 1789 fallacem

333 1809 526 1845 Inimicum
561 1812 724 1853 contere,

279 1865 336 1901 Ne
367 1865 493 1912 ignitis
524 1865 555 1901 is
587 1864 733 1910 sagittis

336 1922 461 1959 Possit
491 1931 557 1957 nos
589 1920 743 1960 elidere.

210 2037 246 2072 5.
279 2034 505 2081 Iucundare,
537 2043 631 2080 quae
663 2037 815 2079 portare

333 2090 510 2128 Meruisti
541 2090 754 2138 Dominum⁷

278 2147 414 2184 Mundi
445 2147 579 2191 lucem,
612 2147 712 2182 vitae
745 2147 890 2193 ducem,

336 2203 570 2241 Salvatorem
602 2203 806 2242 hominum.

209 2318 246 2356 6.
278 2317 503 2362 Incorrupta
534 2319 571 2351 et
601 2316 744 2354 intacta

335 2372 507 2409 Genuisti
536 2383 705 2419 puerum,

279 2429 433 2465 Nullum
455 2432 580 2465 tamen
597 2429 684 2464 hinc
701 2440 904 2475 gravamen

336 2485 453 2521 Tuum
485 2484 593 2521 laesit
624 2489 783 2525 uterum.

212 2599 248 2637 7.
280 2598 391 2634 Alter
421 2600 551 2643 partus
583 2602 716 2643 gravat
746 2603 864 2645 artus,

336 2653 477 2691 Incutit
508 2654 691 2701 suspiria3

282 2711 382 2747 Tuus
414 2708 558 2746 fructus
590 2710 700 2755 pellit
730 2711 852 2748 luctus

334 2766 438 2803 Dans
468 2769 623 2803 aeterna
653 2767 802 2813 gaudia.

1023 905 1059 944 S.
1094 904 1263 941 Aliarum
1298 905 1522 941 leminarum

1150 961 1278 998 Proles
1310 959 1400 997 fletu
1432 960 1614 1009 funditur,

1095 1018 1228 1055 Partus
1257 1018 1329 1054 iste
1361 1018 1412 1054 nil
1446 1018 1515 1054 scit
1547 1018 1669 1065 triste⁷

1148 1074 1305 1120 Quando
1338 1074 1438 1111 Deus
1467 1074 1646 1115 nascitur,

1021 1188 1057 1225 9.
1090 1186 1310 1234 Benedicta,
1343 1197 1437 1233 quae
1469 1187 1608 1224 delicta

1151 1244 1297 1280 Primae
1327 1244 1459 1280 matris
1491 1244 1616 1290 operis

1092 1300 1143 1336 Et
1176 1300 1341 1337 divinam
1373 1299 1598 1337 medicinam

1149 1357 1369 1403 Impetrasti
1399 1356 1560 1396 miseris.

995 1471 1057 1508 10.
1091 1469 1332 1515 Benedictus,
1362 1469 1425 1516 qui
1456 1469 1616 1507 amictus

1149 1527 1191 1563 In
1223 1530 1260 1562 te
1292 1526 1414 1563 carnis
1445 1526 1577 1563 trabea

1091 1583 1170 1619 Nos
1202 1582 1322 1619 erexit
1354 1586 1391 1619 et
1423 1583 1546 1619 evexit

1146 1639 1207 1676 Ad
1238 1650 1353 1686 regna
1384 1639 1544 1678 siderea.

994 1753 1057 1791 11.
1091 1752 1120 1790 O
1153 1762 1262 1798 quam
1294 1751 1379 1788 letis
1410 1764 1433 1789 a
1463 1752 1659 1798 prophetis

1147 1808 1199 1846 Es
1231 1808 1385 1845 laudata
1415 1808 1584 1857 vocibuS,

1090 1866 1173 1902 Hoc
1193 1869 1392 1911 secretum⁷
1411 1865 1510 1911 quod
1525 1865 1720 1912 impletum

1149 1921 1217 1958 Est
1249 1921 1286 1958 in
1318 1925 1368 1969 te,
1400 1921 1645 1960 mirantibus!

997 2037 1059 2073 12.
1093 2034 1147 2071 Te
1180 2033 1329 2070 beatam
1362 2038 1399 2070 et
1428 2034 1639 2080 praelatam

1150 2090 1303 2127 Cunctis
1335 2100 1417 2127 esse
1449 2090 1588 2139 docuit,

1093 2147 1184 2185 Cum
1217 2156 1330 2183 suave
1360 2146 1455 2183 illud
1486 2148 1570 2183 Ave

1150 2202 1306 2240 Gabriel
1336 2203 1498 2249 aperuit.

992 2317 1056 2355 13.
1089 2316 1146 2352 ‘l'u
1178 2315 1339 2362 portasti
1370 2320 1407 2352 et
1438 2315 1599 2364 lactasti,

1146 2372 1355 2408 Benedicta
1387 2372 1550 2418 domina,

1088 2430 1204 2475 Quem
1236 2429 1384 2475 adorat,
1417 2438 1524 2475 quem
1557 2428 1716 2465 honorat

1144 2485 1277 2522 Mundi
1309 2486 1410 2521 trina
1440 2484 1625 2522 machina.

996 2598 1059 2636 14.
1092 2596 1293 2634 Adorabas
1325 2600 1362 2633 et
1391 2596 1560 2634 lactabas

1151 2654 1270 2690 Deum
1302 2651 1441 2690 factum
1474 2653 1673 2702 hominem,

1096 2710 1165 2755 Qui
1198 2720 1264 2746 nos
1296 2709 1391 2746 lavit
1422 2713 1458 2745 et
1489 2709 1651 2746 salvavit

1151 2766 1263 2803 Suum
1295 2775 1438 2811 ponens
1471 2765 1702 2812 sanguinem.
