<?xml version="1.0" encoding="UTF-8"?>
<!DOCTYPE html PUBLIC "-//W3C//DTD XHTML 1.0 Transitional//EN"
    "http://www.w3.org/TR/xhtml1/DTD/xhtml1-transitional.dtd">
<html xmlns="http://www.w3.org/1999/xhtml" xml:lang="en" lang="en">
 <head>
  <title>
</title>
<meta http-equiv="Content-Type" content="text/html;charset=utf-8" />
  <meta name='ocr-system' content='tesseract 3.04.00' />
  <meta name='ocr-capabilities' content='ocr_page ocr_carea ocr_par ocr_line ocrx_word'/>
</head>
<body>
  <div class='ocr_page' id='page_1' title='image "./analectahymnicam50drevuoft/analectahymnicam50drevuoft_0383.png"; bbox 0 0 1785 3111; ppageno 0'>
   <div class='ocr_carea' id='block_1_1' title="bbox 735 61 1047 102">
    <p class='ocr_par' dir='ltr' id='par_1_1' title="bbox 735 61 1047 102">
     <span class='ocr_line' id='line_1_1' title="bbox 735 61 1047 102; baseline -0.003 0"><span class='ocrx_word' id='word_1_1' title='bbox 735 61 1047 102; x_wconf 77' lang='lat'><strong>-363—</strong></span> 
     </span>
    </p>
   </div>
   <div class='ocr_carea' id='block_1_2' title="bbox 105 176 1291 223">
    <p class='ocr_par' dir='ltr' id='par_1_2' title="bbox 105 176 1291 223">
     <span class='ocr_line' id='line_1_2' title="bbox 105 176 1291 223; baseline -0.004 -7"><span class='ocrx_word' id='word_1_2' title='bbox 105 179 176 216; x_wconf 75' lang='lat' dir='ltr'>Sa.</span> <span class='ocrx_word' id='word_1_3' title='bbox 219 176 450 223; x_wconf 82' lang='lat' dir='ltr'>Conceptum</span> <span class='ocrx_word' id='word_1_4' title='bbox 481 176 582 212; x_wconf 86' lang='lat' dir='ltr'>huno</span> <span class='ocrx_word' id='word_1_5' title='bbox 926 176 1000 216; x_wconf 87' lang='lat' dir='ltr'>3b.</span> <span class='ocrx_word' id='word_1_6' title='bbox 1042 178 1101 214; x_wconf 94' lang='lat' dir='ltr'>Tu</span> <span class='ocrx_word' id='word_1_7' title='bbox 1131 185 1170 212; x_wconf 90' lang='lat' dir='ltr'>es</span> <span class='ocrx_word' id='word_1_8' title='bbox 1203 185 1291 222; x_wconf 82' lang='lat' dir='ltr'>ergo</span> 
     </span>
    </p>
   </div>
   <div class='ocr_carea' id='block_1_3' title="bbox 104 232 1671 938">
    <p class='ocr_par' dir='ltr' id='par_1_3' title="bbox 216 232 1671 282">
     <span class='ocr_line' id='line_1_3' title="bbox 216 232 1671 282; baseline 0 -12"><span class='ocrx_word' id='word_1_9' title='bbox 216 233 255 270; x_wconf 92' lang='lat' dir='ltr'>in</span> <span class='ocrx_word' id='word_1_10' title='bbox 295 238 403 270; x_wconf 88' lang='lat' dir='ltr'>utero</span> <span class='ocrx_word' id='word_1_11' title='bbox 431 232 512 269; x_wconf 81' lang='lat' dir='ltr'>sine</span> <span class='ocrx_word' id='word_1_12' title='bbox 543 236 646 269; x_wconf 81' lang='lat' dir='ltr'>tactu</span> <span class='ocrx_word' id='word_1_13' title='bbox 677 233 834 279; x_wconf 88' lang='lat' dir='ltr'>pudoris</span> <span class='ocrx_word' id='word_1_14' title='bbox 1039 232 1405 279; x_wconf 81' lang='lat' dir='ltr'>evangelicumillud</span> <span class='ocrx_word' id='word_1_15' title='bbox 1418 232 1671 282; x_wconf 81' lang='lat' dir='ltr'>patrisovum‚</span> 
     </span>
    </p>

    <p class='ocr_par' dir='ltr' id='par_1_4' title="bbox 216 289 1249 337">
     <span class='ocr_line' id='line_1_4' title="bbox 216 289 1249 337; baseline -0.001 -11"><span class='ocrx_word' id='word_1_16' title='bbox 216 290 380 337; x_wconf 83' lang='lat' dir='ltr'>genuisti</span> <span class='ocrx_word' id='word_1_17' title='bbox 1038 289 1249 336; x_wconf 87' lang='lat' dir='ltr'>scorpionis</span> 
     </span>
    </p>

    <p class='ocr_par' dir='ltr' id='par_1_5' title="bbox 215 345 1365 396">
     <span class='ocr_line' id='line_1_5' title="bbox 215 345 1365 396; baseline -0.001 -13"><span class='ocrx_word' id='word_1_18' title='bbox 215 346 376 396; x_wconf 83' lang='lat' dir='ltr'>integra,</span> <span class='ocrx_word' id='word_1_19' title='bbox 409 356 483 382; x_wconf 91' lang='lat' dir='ltr'>non</span> <span class='ocrx_word' id='word_1_20' title='bbox 512 346 679 383; x_wconf 88' lang='lat' dir='ltr'>sentiens</span> <span class='ocrx_word' id='word_1_21' title='bbox 1037 345 1190 383; x_wconf 87' lang='lat' dir='ltr'>letifero</span> <span class='ocrx_word' id='word_1_22' title='bbox 1222 356 1365 382; x_wconf 77' lang='lat' dir='ltr'>veneno</span> 
     </span>
    </p>

    <p class='ocr_par' dir='ltr' id='par_1_6' title="bbox 104 402 1455 550">
     <span class='ocr_line' id='line_1_6' title="bbox 215 402 1455 450; baseline 0 -10"><span class='ocrx_word' id='word_1_23' title='bbox 215 408 368 450; x_wconf 87' lang='lat' dir='ltr'>partum</span> <span class='ocrx_word' id='word_1_24' title='bbox 401 402 555 442; x_wconf 81' lang='lat' dir='ltr'>doloris,</span> <span class='ocrx_word' id='word_1_25' title='bbox 1039 413 1196 450; x_wconf 85' lang='lat' dir='ltr'>prorsus</span> <span class='ocrx_word' id='word_1_26' title='bbox 1227 403 1455 449; x_wconf 87' lang='lat' dir='ltr'>oppositum.</span> 
     </span>
     <span class='ocr_line' id='line_1_7' title="bbox 104 504 1326 550; baseline -0.002 -7"><span class='ocrx_word' id='word_1_27' title='bbox 104 506 176 543; x_wconf 86' lang='lat' dir='ltr'>4a.</span> <span class='ocrx_word' id='word_1_28' title='bbox 218 505 298 550; x_wconf 83' lang='lat' dir='ltr'>Quo</span> <span class='ocrx_word' id='word_1_29' title='bbox 329 515 472 541; x_wconf 90' lang='lat' dir='ltr'>veneno</span> <span class='ocrx_word' id='word_1_30' title='bbox 923 504 996 545; x_wconf 92' lang='lat' dir='ltr'>4b.</span> <span class='ocrx_word' id='word_1_31' title='bbox 1039 505 1093 541; x_wconf 91' lang='lat' dir='ltr'>Te</span> <span class='ocrx_word' id='word_1_32' title='bbox 1124 504 1326 550; x_wconf 81' lang='lat' dir='ltr'>benignam</span> 
     </span>
    </p>

    <p class='ocr_par' dir='ltr' id='par_1_7' title="bbox 106 559 1477 708">
     <span class='ocr_line' id='line_1_8' title="bbox 215 559 1477 608; baseline -0.001 -10"><span class='ocrx_word' id='word_1_33' title='bbox 215 559 349 598; x_wconf 86' lang='lat' dir='ltr'>infecti</span> <span class='ocrx_word' id='word_1_34' title='bbox 379 561 599 598; x_wconf 83' lang='lat' dir='ltr'>medullitus</span> <span class='ocrx_word' id='word_1_35' title='bbox 1039 561 1232 608; x_wconf 80' lang='lat' dir='ltr'>pulsamus</span> <span class='ocrx_word' id='word_1_36' title='bbox 1264 561 1477 607; x_wconf 75' lang='lat' dir='ltr'>gemitibus,</span> 
     </span>
     <span class='ocr_line' id='line_1_9' title="bbox 106 661 1413 708; baseline -0.001 -8"><span class='ocrx_word' id='word_1_37' title='bbox 106 664 179 702; x_wconf 71' lang='lat'>53.</span> <span class='ocrx_word' id='word_1_38' title='bbox 211 662 264 701; x_wconf 90' lang='lat' dir='ltr'>Ut</span> <span class='ocrx_word' id='word_1_39' title='bbox 295 666 332 699; x_wconf 91' lang='lat' dir='ltr'>te</span> <span class='ocrx_word' id='word_1_40' title='bbox 363 663 516 700; x_wconf 90' lang='lat' dir='ltr'>iuvante</span> <span class='ocrx_word' id='word_1_41' title='bbox 927 661 998 702; x_wconf 86' lang='lat' dir='ltr'>5b.</span> <span class='ocrx_word' id='word_1_42' title='bbox 1041 662 1099 699; x_wconf 89' lang='lat' dir='ltr'>Ne</span> <span class='ocrx_word' id='word_1_43' title='bbox 1130 662 1231 698; x_wconf 85' lang='lat' dir='ltr'>ultra</span> <span class='ocrx_word' id='word_1_44' title='bbox 1263 662 1413 708; x_wconf 84' lang='lat' dir='ltr'>scorpio</span> 
     </span>
    </p>

    <p class='ocr_par' dir='ltr' id='par_1_8' title="bbox 220 718 1190 759">
     <span class='ocr_line' id='line_1_10' title="bbox 220 718 1190 759; baseline -0.002 -3"><span class='ocrx_word' id='word_1_45' title='bbox 220 719 432 757; x_wconf 85' lang='lat' dir='ltr'>antidotum</span> <span class='ocrx_word' id='word_1_46' title='bbox 1035 718 1190 759; x_wconf 80' lang='lat' dir='ltr'>inficiat.</span> 
     </span>
    </p>

    <p class='ocr_par' dir='ltr' id='par_1_9' title="bbox 220 774 1532 824">
     <span class='ocr_line' id='line_1_11' title="bbox 220 774 1532 824; baseline -0.002 -11"><span class='ocrx_word' id='word_1_47' title='bbox 220 776 267 813; x_wconf 90' lang='lat' dir='ltr'>de</span> <span class='ocrx_word' id='word_1_48' title='bbox 297 780 362 813; x_wconf 87' lang='lat' dir='ltr'>tua</span> <span class='ocrx_word' id='word_1_49' title='bbox 394 787 507 813; x_wconf 82' lang='lat' dir='ltr'>carne</span> <span class='ocrx_word' id='word_1_50' title='bbox 539 775 752 813; x_wconf 83' lang='lat' dir='ltr'>confectum</span> <span class='ocrx_word' id='word_1_51' title='bbox 1038 776 1105 812; x_wconf 88' lang='lat' dir='ltr'>sed</span> <span class='ocrx_word' id='word_1_52' title='bbox 1137 780 1223 812; x_wconf 86' lang='lat' dir='ltr'>tuus</span> <span class='ocrx_word' id='word_1_53' title='bbox 1255 786 1360 812; x_wconf 85' lang='lat' dir='ltr'>amor</span> <span class='ocrx_word' id='word_1_54' title='bbox 1393 774 1532 824; x_wconf 71' lang='lat' dir='ltr'>foveat,</span> 
     </span>
    </p>

    <p class='ocr_par' dir='ltr' id='par_1_10' title="bbox 218 830 1518 880">
     <span class='ocr_line' id='line_1_12' title="bbox 218 830 1518 880; baseline -0.001 -11"><span class='ocrx_word' id='word_1_55' title='bbox 218 833 258 869; x_wconf 92' lang='lat' dir='ltr'>in</span> <span class='ocrx_word' id='word_1_56' title='bbox 289 833 423 870; x_wconf 87' lang='lat' dir='ltr'>altaris</span> <span class='ocrx_word' id='word_1_57' title='bbox 454 834 635 880; x_wconf 81' lang='lat' dir='ltr'>mysterio</span> <span class='ocrx_word' id='word_1_58' title='bbox 1038 843 1111 879; x_wconf 91' lang='lat' dir='ltr'>quo</span> <span class='ocrx_word' id='word_1_59' title='bbox 1142 830 1296 868; x_wconf 80' lang='lat' dir='ltr'>fovente</span> <span class='ocrx_word' id='word_1_60' title='bbox 1327 832 1518 869; x_wconf 83' lang='lat' dir='ltr'>sanissimi</span> 
     </span>
    </p>

    <p class='ocr_par' dir='ltr' id='par_1_11' title="bbox 225 889 1400 938">
     <span class='ocr_line' id='line_1_13' title="bbox 225 889 1400 938; baseline -0.001 -12"><span class='ocrx_word' id='word_1_61' title='bbox 225 890 339 937; x_wconf 85' lang='lat' dir='ltr'>digne</span> <span class='ocrx_word' id='word_1_62' title='bbox 370 901 572 937; x_wconf 85' lang='lat' dir='ltr'>sumamus,</span> <span class='ocrx_word' id='word_1_63' title='bbox 1039 899 1189 935; x_wconf 85' lang='lat' dir='ltr'>semper</span> <span class='ocrx_word' id='word_1_64' title='bbox 1218 889 1400 938; x_wconf 78' lang='lat' dir='ltr'>vivamus,</span> 
     </span>
    </p>
   </div>
   <div class='ocr_carea' id='block_1_4' title="bbox 603 981 1198 1142">
    <p class='ocr_par' dir='ltr' id='par_1_12' title="bbox 603 981 1198 1142">
     <span class='ocr_line' id='line_1_14' title="bbox 603 981 925 1020; baseline -0.009 0"><span class='ocrx_word' id='word_1_65' title='bbox 603 983 641 1020; x_wconf 90' lang='lat'>6.</span> <span class='ocrx_word' id='word_1_66' title='bbox 690 981 830 1018; x_wconf 91' lang='lat' dir='ltr'>Dilecti</span> <span class='ocrx_word' id='word_1_67' title='bbox 860 985 925 1018; x_wconf 89' lang='lat' dir='ltr'>tuo</span> 
     </span>
     <span class='ocr_line' id='line_1_15' title="bbox 692 1037 1098 1084; baseline -0.002 -10"><span class='ocrx_word' id='word_1_68' title='bbox 692 1038 833 1075; x_wconf 83' lang='lat' dir='ltr'>dilecto</span> <span class='ocrx_word' id='word_1_69' title='bbox 865 1049 911 1075; x_wconf 82' lang='lat' dir='ltr'>ex</span> <span class='ocrx_word' id='word_1_70' title='bbox 945 1037 1098 1084; x_wconf 81' lang='lat' dir='ltr'>dilecto,</span> 
     </span>
     <span class='ocr_line' id='line_1_16' title="bbox 690 1095 1198 1142; baseline 0 -10"><span class='ocrx_word' id='word_1_71' title='bbox 690 1095 904 1132; x_wconf 85' lang='lat' dir='ltr'>dilectionis</span> <span class='ocrx_word' id='word_1_72' title='bbox 935 1095 1049 1142; x_wconf 78' lang='lat' dir='ltr'>plena</span> <span class='ocrx_word' id='word_1_73' title='bbox 1080 1095 1198 1141; x_wconf 83' lang='lat' dir='ltr'>virgo.</span> 
     </span>
    </p>
   </div>
   <div class='ocr_carea' id='block_1_5' title="bbox 105 1205 1677 1340">
    <p class='ocr_par' dir='ltr' id='par_1_13' title="bbox 105 1205 1677 1340">
     <span class='ocr_line' id='line_1_17' title="bbox 195 1205 1668 1248; baseline -0.001 -8"><span class='ocrx_word' id='word_1_74' title='bbox 195 1207 299 1240; x_wconf 84' lang='lat' dir='ltr'>Grad.</span> <span class='ocrx_word' id='word_1_75' title='bbox 327 1218 389 1239; x_wconf 85' lang='lat' dir='ltr'>ms.</span> <span class='ocrx_word' id='word_1_76' title='bbox 415 1206 672 1248; x_wconf 78' lang='lat' dir='ltr'>Secoviense(‘?)</span> <span class='ocrx_word' id='word_1_77' title='bbox 696 1219 785 1239; x_wconf 72' lang='lat' dir='ltr'>saec.</span> <span class='ocrx_word' id='word_1_78' title='bbox 817 1205 864 1238; x_wconf 90' lang='lat'>12.</span> <span class='ocrx_word' id='word_1_79' title='bbox 916 1207 998 1238; x_wconf 88' lang='lat' dir='ltr'>Cod.</span> <span class='ocrx_word' id='word_1_80' title='bbox 1025 1207 1266 1238; x_wconf 65' lang='lat' dir='ltr'>vindobonen.</span> <span class='ocrx_word' id='word_1_81' title='bbox 1297 1205 1424 1239; x_wconf 77' lang='lat'>13314.</span> <span class='ocrx_word' id='word_1_82' title='bbox 1450 1207 1490 1238; x_wconf 82' lang='lat' dir='ltr'>A.</span> <span class='ocrx_word' id='word_1_83' title='bbox 1507 1207 1668 1238; x_wconf 41' lang='grc' dir='ltr'>ἓ-Μίςε,</span> 
     </span>
     <span class='ocr_line' id='line_1_18' title="bbox 105 1251 1674 1285; baseline 0 -1"><span class='ocrx_word' id='word_1_84' title='bbox 105 1263 167 1284; x_wconf 86' lang='lat' dir='ltr'>ms.</span> <span class='ocrx_word' id='word_1_85' title='bbox 202 1252 411 1284; x_wconf 77' lang='lat' dir='ltr'>Secoviense</span> <span class='ocrx_word' id='word_1_86' title='bbox 445 1263 534 1284; x_wconf 74' lang='lat' dir='ltr'>saeC.</span> <span class='ocrx_word' id='word_1_87' title='bbox 567 1251 618 1284; x_wconf 95' lang='lat'>12.</span> <span class='ocrx_word' id='word_1_88' title='bbox 669 1254 752 1285; x_wconf 71' lang='lat' dir='ltr'>Cod.</span> <span class='ocrx_word' id='word_1_89' title='bbox 786 1254 952 1285; x_wconf 79' lang='lat' dir='ltr'>Graecen.</span> <span class='ocrx_word' id='word_1_90' title='bbox 986 1251 1063 1284; x_wconf 80' lang='lat'>479.</span> <span class='ocrx_word' id='word_1_91' title='bbox 1096 1254 1135 1284; x_wconf 87' lang='lat' dir='ltr'>B.</span> <span class='ocrx_word' id='word_1_92' title='bbox 1167 1269 1209 1273; x_wconf 96' lang='lat'>—-</span> <span class='ocrx_word' id='word_1_93' title='bbox 1234 1254 1333 1284; x_wconf 65' lang='lat' dir='ltr'>Miss.</span> <span class='ocrx_word' id='word_1_94' title='bbox 1367 1264 1429 1284; x_wconf 88' lang='lat' dir='ltr'>ms.</span> <span class='ocrx_word' id='word_1_95' title='bbox 1464 1252 1674 1284; x_wconf 67' lang='lat' dir='ltr'>seem-ieme</span> 
     </span>
     <span class='ocr_line' id='line_1_19' title="bbox 106 1296 1677 1340; baseline -0.001 -11"><span class='ocrx_word' id='word_1_96' title='bbox 106 1308 195 1330; x_wconf 81' lang='lat' dir='ltr'>saec.</span> <span class='ocrx_word' id='word_1_97' title='bbox 223 1296 274 1329; x_wconf 89' lang='lat'>12.</span> <span class='ocrx_word' id='word_1_98' title='bbox 326 1298 408 1330; x_wconf 83' lang='lat' dir='ltr'>Cod.</span> <span class='ocrx_word' id='word_1_99' title='bbox 433 1299 599 1331; x_wconf 83' lang='lat' dir='ltr'>Graecen.</span> <span class='ocrx_word' id='word_1_100' title='bbox 627 1296 702 1330; x_wconf 75' lang='grc'>789.</span> <span class='ocrx_word' id='word_1_101' title='bbox 729 1302 766 1331; x_wconf 73' lang='lat' dir='ltr'>C.</span> <span class='ocrx_word' id='word_1_102' title='bbox 792 1315 836 1320; x_wconf 91' lang='lat'><strong>—</strong></span> <span class='ocrx_word' id='word_1_103' title='bbox 863 1298 1026 1340; x_wconf 81' lang='lat' dir='ltr'>Sequeut.</span> <span class='ocrx_word' id='word_1_104' title='bbox 1054 1309 1116 1329; x_wconf 84' lang='lat' dir='ltr'>ins.</span> <span class='ocrx_word' id='word_1_105' title='bbox 1141 1298 1352 1330; x_wconf 81' lang='lat' dir='ltr'>Seeoviense</span> <span class='ocrx_word' id='word_1_106' title='bbox 1378 1309 1467 1330; x_wconf 72' lang='lat' dir='ltr'>saec.</span> <span class='ocrx_word' id='word_1_107' title='bbox 1498 1297 1547 1329; x_wconf 79' lang='lat'>12.</span> <span class='ocrx_word' id='word_1_108' title='bbox 1591 1298 1677 1330; x_wconf 71' lang='lat' dir='ltr'>cod.</span> 
     </span>
    </p>
   </div>
   <div class='ocr_carea' id='block_1_6' title="bbox 105 1340 1677 1613">
    <p class='ocr_par' dir='ltr' id='par_1_14' title="bbox 105 1340 1677 1422">
     <span class='ocr_line' id='line_1_20' title="bbox 105 1340 1677 1377; baseline -0.001 -2"><span class='ocrx_word' id='word_1_109' title='bbox 105 1344 272 1376; x_wconf 83' lang='lat' dir='ltr'>Graecen.</span> <span class='ocrx_word' id='word_1_110' title='bbox 303 1342 396 1376; x_wconf 33' lang='lat'>1584.</span> <span class='ocrx_word' id='word_1_111' title='bbox 424 1345 467 1375; x_wconf 94' lang='lat' dir='ltr'>D.</span> <span class='ocrx_word' id='word_1_112' title='bbox 495 1361 540 1365; x_wconf 93' lang='lat'>-——</span> <span class='ocrx_word' id='word_1_113' title='bbox 563 1345 662 1375; x_wconf 81' lang='lat' dir='ltr'>Miss.</span> <span class='ocrx_word' id='word_1_114' title='bbox 688 1355 751 1375; x_wconf 83' lang='lat' dir='ltr'>ms.</span> <span class='ocrx_word' id='word_1_115' title='bbox 779 1345 812 1377; x_wconf 81' lang='lat' dir='ltr'>S.</span> <span class='ocrx_word' id='word_1_116' title='bbox 839 1344 996 1375; x_wconf 81' lang='lat' dir='ltr'>Floriani</span> <span class='ocrx_word' id='word_1_117' title='bbox 1023 1354 1111 1376; x_wconf 80' lang='lat' dir='ltr'>saec.</span> <span class='ocrx_word' id='word_1_118' title='bbox 1141 1342 1192 1375; x_wconf 90' lang='lat'>12.</span> <span class='ocrx_word' id='word_1_119' title='bbox 1234 1344 1317 1376; x_wconf 79' lang='lat' dir='ltr'>Cod.</span> <span class='ocrx_word' id='word_1_120' title='bbox 1344 1344 1497 1375; x_wconf 84' lang='lat' dir='ltr'>Florian.</span> <span class='ocrx_word' id='word_1_121' title='bbox 1527 1345 1579 1375; x_wconf 80' lang='grc' dir='ltr'>ΙΙΙ</span> <span class='ocrx_word' id='word_1_122' title='bbox 1597 1340 1677 1375; x_wconf 75' lang='grc'>208.</span> 
     </span>
     <span class='ocr_line' id='line_1_21' title="bbox 106 1387 1510 1422; baseline 0 -2"><span class='ocrx_word' id='word_1_123' title='bbox 106 1389 147 1420; x_wconf 89' lang='grc' dir='ltr'>Ε.</span> <span class='ocrx_word' id='word_1_124' title='bbox 175 1406 217 1411; x_wconf 84' lang='grc'>-</span> <span class='ocrx_word' id='word_1_125' title='bbox 244 1391 343 1420; x_wconf 68' lang='lat' dir='ltr'>Brev.</span> <span class='ocrx_word' id='word_1_126' title='bbox 370 1399 431 1420; x_wconf 88' lang='lat' dir='ltr'>ms.</span> <span class='ocrx_word' id='word_1_127' title='bbox 457 1390 621 1422; x_wconf 86' lang='lat' dir='ltr'>German.</span> <span class='ocrx_word' id='word_1_128' title='bbox 647 1400 736 1421; x_wconf 88' lang='lat' dir='ltr'>saec.</span> <span class='ocrx_word' id='word_1_129' title='bbox 766 1388 816 1421; x_wconf 86' lang='lat'>12.</span> <span class='ocrx_word' id='word_1_130' title='bbox 870 1389 953 1421; x_wconf 88' lang='lat' dir='ltr'>Cod.</span> <span class='ocrx_word' id='word_1_131' title='bbox 981 1390 1176 1421; x_wconf 85' lang='lat' dir='ltr'>Londinen.</span> <span class='ocrx_word' id='word_1_132' title='bbox 1202 1389 1288 1420; x_wconf 89' lang='lat' dir='ltr'>Add.</span> <span class='ocrx_word' id='word_1_133' title='bbox 1320 1387 1358 1421; x_wconf 79' lang='lat'>18</span> <span class='ocrx_word' id='word_1_134' title='bbox 1370 1387 1446 1420; x_wconf 73' lang='lat'>302.</span> <span class='ocrx_word' id='word_1_135' title='bbox 1473 1390 1510 1421; x_wconf 89' lang='lat' dir='ltr'>F.</span> 
     </span>
    </p>

    <p class='ocr_par' dir='ltr' id='par_1_15' title="bbox 107 1432 1677 1613">
     <span class='ocr_line' id='line_1_22' title="bbox 199 1432 1676 1477; baseline -0.001 -11"><span class='ocrx_word' id='word_1_136' title='bbox 199 1432 259 1474; x_wconf 81' lang='lat' dir='ltr'>2a,</span> <span class='ocrx_word' id='word_1_137' title='bbox 286 1432 306 1466; x_wconf 90' lang='lat'>2</span> <span class='ocrx_word' id='word_1_138' title='bbox 330 1435 436 1466; x_wconf 85' lang='lat' dir='ltr'>fetum</span> <span class='ocrx_word' id='word_1_139' title='bbox 464 1439 497 1466; x_wconf 86' lang='lat' dir='ltr'>et</span> <span class='ocrx_word' id='word_1_140' title='bbox 520 1435 569 1475; x_wconf 80' lang='lat' dir='ltr'>A,-</span> <span class='ocrx_word' id='word_1_141' title='bbox 593 1435 668 1467; x_wconf 80' lang='lat' dir='ltr'>fotu</span> <span class='ocrx_word' id='word_1_142' title='bbox 692 1439 726 1467; x_wconf 82' lang='lat' dir='ltr'>te</span> <span class='ocrx_word' id='word_1_143' title='bbox 747 1437 789 1467; x_wconf 82' lang='lat' dir='ltr'>D.</span> <span class='ocrx_word' id='word_1_144' title='bbox 815 1452 859 1457; x_wconf 86' lang='lat'><strong>—</strong></span> <span class='ocrx_word' id='word_1_145' title='bbox 885 1433 947 1473; x_wconf 83' lang='lat' dir='ltr'>2b,</span> <span class='ocrx_word' id='word_1_146' title='bbox 976 1434 991 1466; x_wconf 94' lang='lat'>1</span> <span class='ocrx_word' id='word_1_147' title='bbox 1019 1437 1089 1467; x_wconf 82' lang='lat' dir='ltr'>Hic</span> <span class='ocrx_word' id='word_1_148' title='bbox 1113 1440 1151 1467; x_wconf 85' lang='lat' dir='ltr'>tu</span> <span class='ocrx_word' id='word_1_149' title='bbox 1168 1436 1210 1467; x_wconf 92' lang='lat' dir='ltr'>D.</span> <span class='ocrx_word' id='word_1_150' title='bbox 1241 1452 1279 1456; x_wconf 95' lang='lat'>—</span> <span class='ocrx_word' id='word_1_151' title='bbox 1305 1432 1366 1471; x_wconf 66' lang='lat' dir='ltr'>3b‚</span> <span class='ocrx_word' id='word_1_152' title='bbox 1396 1434 1411 1466; x_wconf 92' lang='lat'>1</span> <span class='ocrx_word' id='word_1_153' title='bbox 1441 1436 1494 1467; x_wconf 86' lang='lat' dir='ltr'>Tu</span> <span class='ocrx_word' id='word_1_154' title='bbox 1513 1446 1548 1466; x_wconf 88' lang='lat' dir='ltr'>es</span> <span class='ocrx_word' id='word_1_155' title='bbox 1567 1436 1676 1477; x_wconf 78' lang='lat' dir='ltr'>igitur</span> 
     </span>
     <span class='ocr_line' id='line_1_23' title="bbox 107 1478 1677 1519; baseline 0.001 -8"><span class='ocrx_word' id='word_1_156' title='bbox 107 1479 209 1512; x_wconf 83' lang='lat' dir='ltr'>ACE.</span> <span class='ocrx_word' id='word_1_157' title='bbox 242 1498 284 1502; x_wconf 76' lang='lat'>——</span> <span class='ocrx_word' id='word_1_158' title='bbox 311 1478 372 1516; x_wconf 65' lang='lat'>53..</span> <span class='ocrx_word' id='word_1_159' title='bbox 403 1479 418 1511; x_wconf 92' lang='lat'>1</span> <span class='ocrx_word' id='word_1_160' title='bbox 449 1480 496 1511; x_wconf 78' lang='lat' dir='ltr'>Et</span> <span class='ocrx_word' id='word_1_161' title='bbox 519 1484 553 1512; x_wconf 80' lang='lat' dir='ltr'>te</span> <span class='ocrx_word' id='word_1_162' title='bbox 578 1481 621 1512; x_wconf 94' lang='lat' dir='ltr'>D.</span> <span class='ocrx_word' id='word_1_163' title='bbox 648 1499 689 1503; x_wconf 89' lang='lat'>-—</span> <span class='ocrx_word' id='word_1_164' title='bbox 716 1479 780 1519; x_wconf 84' lang='lat' dir='ltr'>5b,</span> <span class='ocrx_word' id='word_1_165' title='bbox 808 1480 823 1511; x_wconf 96' lang='lat'>1</span> <span class='ocrx_word' id='word_1_166' title='bbox 851 1481 935 1512; x_wconf 87' lang='lat' dir='ltr'>kein</span> <span class='ocrx_word' id='word_1_167' title='bbox 961 1481 1085 1512; x_wconf 77' lang='lat' dir='ltr'>Alinea</span> <span class='ocrx_word' id='word_1_168' title='bbox 1112 1482 1154 1512; x_wconf 90' lang='lat' dir='ltr'>D.</span> <span class='ocrx_word' id='word_1_169' title='bbox 1182 1498 1223 1502; x_wconf 89' lang='lat'>—</span> <span class='ocrx_word' id='word_1_170' title='bbox 1249 1478 1312 1519; x_wconf 70' lang='grc'>61)7</span> <span class='ocrx_word' id='word_1_171' title='bbox 1339 1479 1359 1512; x_wconf 82' lang='grc'>2</span> <span class='ocrx_word' id='word_1_172' title='bbox 1384 1480 1537 1512; x_wconf 73' lang='lat' dir='ltr'>inhiscat</span> <span class='ocrx_word' id='word_1_173' title='bbox 1562 1482 1604 1512; x_wconf 91' lang='lat' dir='ltr'>D.</span> <span class='ocrx_word' id='word_1_174' title='bbox 1631 1497 1677 1502; x_wconf 92' lang='lat'><strong>—</strong></span> 
     </span>
     <span class='ocr_line' id='line_1_24' title="bbox 108 1524 1676 1604; baseline 0.001 -47"><span class='ocrx_word' id='word_1_175' title='bbox 108 1524 233 1604; x_wconf 74' lang='lat' dir='ltr'>5b‚lO4</span> <span class='ocrx_word' id='word_1_176' title='bbox 258 1526 383 1558; x_wconf 77' lang='lat' dir='ltr'>Alinea</span> <span class='ocrx_word' id='word_1_177' title='bbox 408 1526 451 1557; x_wconf 95' lang='lat' dir='ltr'>D.</span> <span class='ocrx_word' id='word_1_178' title='bbox 481 1544 512 1547; x_wconf 97' lang='lat'><strong>—</strong></span> <span class='ocrx_word' id='word_1_179' title='bbox 546 1524 584 1566; x_wconf 82' lang='lat'>6,</span> <span class='ocrx_word' id='word_1_180' title='bbox 618 1524 638 1558; x_wconf 82' lang='lat'><strong>3</strong></span> <span class='ocrx_word' id='word_1_181' title='bbox 663 1528 781 1569; x_wconf 80' lang='lat' dir='ltr'>virgo,</span> <span class='ocrx_word' id='word_1_182' title='bbox 818 1529 939 1558; x_wconf 82' lang='lat' dir='ltr'>saneta</span> <span class='ocrx_word' id='word_1_183' title='bbox 963 1528 1078 1558; x_wconf 84' lang='lat' dir='ltr'>Maria</span> <span class='ocrx_word' id='word_1_184' title='bbox 1102 1526 1144 1557; x_wconf 89' lang='lat' dir='ltr'>E.</span> <span class='ocrx_word' id='word_1_185' title='bbox 1170 1544 1214 1547; x_wconf 97' lang='lat'><strong>—</strong></span> <span class='ocrx_word' id='word_1_186' title='bbox 1240 1526 1459 1558; x_wconf 56' lang='lat' dir='ltr'>XViederholt</span> <span class='ocrx_word' id='word_1_187' title='bbox 1485 1536 1547 1558; x_wconf 86' lang='lat' dir='ltr'>aus</span> <span class='ocrx_word' id='word_1_188' title='bbox 1573 1525 1676 1558; x_wconf 79' lang='lat' dir='ltr'>Anal.</span> 
     </span>
     <span class='ocr_line' id='line_1_25' title="bbox 108 1570 318 1613; baseline 0 -10"><span class='ocrx_word' id='word_1_189' title='bbox 108 1572 150 1611; x_wconf 81' lang='lat' dir='ltr'>X,</span> <span class='ocrx_word' id='word_1_190' title='bbox 224 1570 242 1603; x_wconf 83' lang='lat'><strong>7</strong></span> <span class='ocrx_word' id='word_1_191' title='bbox 267 1582 318 1613; x_wconf 90' lang='lat' dir='ltr'>sq.</span> 
     </span>
    </p>
   </div>
   <div class='ocr_carea' id='block_1_7' title="bbox 493 1683 1295 1726">
    <p class='ocr_par' dir='ltr' id='par_1_16' title="bbox 493 1683 1295 1726">
     <span class='ocr_line' id='line_1_26' title="bbox 493 1683 1295 1726; baseline 0.002 -9"><span class='ocrx_word' id='word_1_192' title='bbox 493 1683 574 1719; x_wconf 69' lang='lat'>282).</span> <span class='ocrx_word' id='word_1_193' title='bbox 611 1683 691 1725; x_wconf 74' lang='grc'>(19)</span> <span class='ocrx_word' id='word_1_194' title='bbox 726 1683 784 1718; x_wconf 86' lang='lat' dir='ltr'>De</span> <span class='ocrx_word' id='word_1_195' title='bbox 809 1683 932 1719; x_wconf 81' lang='lat' dir='ltr'>beata</span> <span class='ocrx_word' id='word_1_196' title='bbox 957 1683 1088 1719; x_wconf 82' lang='lat' dir='ltr'>Maria</span> <span class='ocrx_word' id='word_1_197' title='bbox 1112 1683 1295 1726; x_wconf 80' lang='lat' dir='ltr'>Virgine.</span> 
     </span>
    </p>
   </div>
   <div class='ocr_carea' id='block_1_8' title="bbox 604 1789 1069 2054">
    <p class='ocr_par' dir='ltr' id='par_1_17' title="bbox 604 1789 1069 2054">
     <span class='ocr_line' id='line_1_27' title="bbox 604 1789 952 1836; baseline -0.003 -9"><span class='ocrx_word' id='word_1_198' title='bbox 604 1791 642 1828; x_wconf 87' lang='lat'>1.</span> <span class='ocrx_word' id='word_1_199' title='bbox 688 1790 783 1836; x_wconf 84' lang='lat' dir='ltr'>Ave,</span> <span class='ocrx_word' id='word_1_200' title='bbox 815 1789 952 1832; x_wconf 82' lang='lat' dir='ltr'>Maria,</span> 
     </span>
     <span class='ocr_line' id='line_1_28' title="bbox 695 1846 974 1894; baseline 0 -12"><span class='ocrx_word' id='word_1_201' title='bbox 695 1846 817 1894; x_wconf 84' lang='lat' dir='ltr'>gratia</span> <span class='ocrx_word' id='word_1_202' title='bbox 847 1846 974 1893; x_wconf 79' lang='lat' dir='ltr'>plena,</span> 
     </span>
     <span class='ocr_line' id='line_1_29' title="bbox 692 1903 1046 1949; baseline -0.006 -9"><span class='ocrx_word' id='word_1_203' title='bbox 692 1903 877 1940; x_wconf 89' lang='lat' dir='ltr'>Dominus</span> <span class='ocrx_word' id='word_1_204' title='bbox 909 1908 1046 1949; x_wconf 83' lang='lat' dir='ltr'>tecum,</span> 
     </span>
     <span class='ocr_line' id='line_1_30' title="bbox 696 1960 899 1998; baseline 0.005 -2"><span class='ocrx_word' id='word_1_205' title='bbox 696 1960 899 1998; x_wconf 84' lang='lat' dir='ltr'>benedicta</span> 
     </span>
     <span class='ocr_line' id='line_1_31' title="bbox 695 2016 1069 2054; baseline 0 0"><span class='ocrx_word' id='word_1_206' title='bbox 695 2022 735 2054; x_wconf 91' lang='lat' dir='ltr'>tu</span> <span class='ocrx_word' id='word_1_207' title='bbox 766 2017 805 2054; x_wconf 91' lang='lat' dir='ltr'>in</span> <span class='ocrx_word' id='word_1_208' title='bbox 836 2016 1069 2054; x_wconf 90' lang='lat' dir='ltr'>mulieribus.</span> 
     </span>
    </p>
   </div>
   <div class='ocr_carea' id='block_1_9' title="bbox 111 2118 1266 2167">
    <p class='ocr_par' dir='ltr' id='par_1_18' title="bbox 111 2118 1266 2167">
     <span class='ocr_line' id='line_1_32' title="bbox 111 2118 1266 2167; baseline -0.003 -9"><span class='ocrx_word' id='word_1_209' title='bbox 111 2122 180 2159; x_wconf 76' lang='lat'>22..</span> <span class='ocrx_word' id='word_1_210' title='bbox 224 2119 395 2158; x_wconf 80' lang='lat' dir='ltr'>Gratiam</span> <span class='ocrx_word' id='word_1_211' title='bbox 932 2120 1007 2158; x_wconf 81' lang='grc'>21).</span> <span class='ocrx_word' id='word_1_212' title='bbox 1049 2118 1266 2167; x_wconf 85' lang='lat' dir='ltr'>Dominum,</span> 
     </span>
    </p>
   </div>
   <div class='ocr_carea' id='block_1_10' title="bbox 113 2175 1556 2771">
    <p class='ocr_par' dir='ltr' id='par_1_19' title="bbox 113 2175 1556 2771">
     <span class='ocr_line' id='line_1_33' title="bbox 222 2175 1351 2227; baseline -0.003 -13"><span class='ocrx_word' id='word_1_213' title='bbox 222 2175 291 2214; x_wconf 92' lang='lat' dir='ltr'>filii</span> <span class='ocrx_word' id='word_1_214' title='bbox 321 2178 388 2227; x_wconf 89' lang='lat' dir='ltr'>tui,</span> <span class='ocrx_word' id='word_1_215' title='bbox 1043 2176 1106 2222; x_wconf 92' lang='lat' dir='ltr'>qui</span> <span class='ocrx_word' id='word_1_216' title='bbox 1136 2176 1351 2212; x_wconf 84' lang='lat' dir='ltr'>nasciturus</span> 
     </span>
     <span class='ocr_line' id='line_1_34' title="bbox 222 2235 1292 2280; baseline -0.002 -10"><span class='ocrx_word' id='word_1_217' title='bbox 222 2244 333 2280; x_wconf 90' lang='lat' dir='ltr'>quam</span> <span class='ocrx_word' id='word_1_218' title='bbox 365 2235 500 2272; x_wconf 80' lang='lat' dir='ltr'>merito</span> <span class='ocrx_word' id='word_1_219' title='bbox 1045 2243 1091 2270; x_wconf 75' lang='lat' dir='ltr'>ex</span> <span class='ocrx_word' id='word_1_220' title='bbox 1123 2237 1161 2269; x_wconf 90' lang='lat' dir='ltr'>te</span> <span class='ocrx_word' id='word_1_221' title='bbox 1191 2237 1292 2269; x_wconf 83' lang='lat' dir='ltr'>totus</span> 
     </span>
     <span class='ocr_line' id='line_1_35' title="bbox 223 2291 1294 2336; baseline -0.002 -9"><span class='ocrx_word' id='word_1_222' title='bbox 223 2291 428 2336; x_wconf 89' lang='lat' dir='ltr'>amisimus,</span> <span class='ocrx_word' id='word_1_223' title='bbox 1045 2293 1127 2326; x_wconf 84' lang='lat' dir='ltr'>erat</span> <span class='ocrx_word' id='word_1_224' title='bbox 1158 2293 1294 2336; x_wconf 81' lang='lat' dir='ltr'>tecum,</span> 
     </span>
     <span class='ocr_line' id='line_1_36' title="bbox 222 2345 1218 2394; baseline -0.001 -11"><span class='ocrx_word' id='word_1_225' title='bbox 222 2351 276 2392; x_wconf 87' lang='lat' dir='ltr'>tu,</span> <span class='ocrx_word' id='word_1_226' title='bbox 311 2347 434 2394; x_wconf 85' lang='lat' dir='ltr'>gratia</span> <span class='ocrx_word' id='word_1_227' title='bbox 1045 2345 1218 2383; x_wconf 83' lang='lat' dir='ltr'>obtineas</span> 
     </span>
     <span class='ocr_line' id='line_1_37' title="bbox 225 2402 1441 2452; baseline -0.002 -12"><span class='ocrx_word' id='word_1_228' title='bbox 225 2404 352 2450; x_wconf 85' lang='lat' dir='ltr'>plena,</span> <span class='ocrx_word' id='word_1_229' title='bbox 384 2404 458 2452; x_wconf 89' lang='lat' dir='ltr'>piis</span> <span class='ocrx_word' id='word_1_230' title='bbox 489 2414 628 2450; x_wconf 83' lang='lat' dir='ltr'>repara</span> <span class='ocrx_word' id='word_1_231' title='bbox 1042 2402 1328 2439; x_wconf 85' lang='lat' dir='ltr'>misericordem</span> <span class='ocrx_word' id='word_1_232' title='bbox 1359 2412 1441 2439; x_wconf 82' lang='lat' dir='ltr'>esse</span> 
     </span>
     <span class='ocr_line' id='line_1_38' title="bbox 224 2459 1250 2508; baseline -0.003 -10"><span class='ocrx_word' id='word_1_233' title='bbox 224 2460 414 2508; x_wconf 82' lang='lat' dir='ltr'>precibus.</span> <span class='ocrx_word' id='word_1_234' title='bbox 1041 2459 1250 2497; x_wconf 86' lang='lat' dir='ltr'>nobiscum.</span> 
     </span>
     <span class='ocr_line' id='line_1_39' title="bbox 113 2561 1253 2610; baseline -0.004 -9"><span class='ocrx_word' id='word_1_235' title='bbox 113 2564 185 2602; x_wconf 84' lang='lat' dir='ltr'>3a.</span> <span class='ocrx_word' id='word_1_236' title='bbox 227 2563 285 2600; x_wconf 91' lang='lat' dir='ltr'>Tu</span> <span class='ocrx_word' id='word_1_237' title='bbox 314 2574 429 2610; x_wconf 85' lang='lat' dir='ltr'>super</span> <span class='ocrx_word' id='word_1_238' title='bbox 933 2561 1007 2600; x_wconf 85' lang='lat' dir='ltr'>3b.</span> <span class='ocrx_word' id='word_1_239' title='bbox 1048 2561 1119 2608; x_wconf 84' lang='lat' dir='ltr'>Tu,</span> <span class='ocrx_word' id='word_1_240' title='bbox 1152 2562 1253 2598; x_wconf 83' lang='lat' dir='ltr'>vitae</span> 
     </span>
     <span class='ocr_line' id='line_1_40' title="bbox 225 2620 1441 2665; baseline -0.002 -8"><span class='ocrx_word' id='word_1_241' title='bbox 225 2621 351 2657; x_wconf 89' lang='lat' dir='ltr'>omnia</span> <span class='ocrx_word' id='word_1_242' title='bbox 381 2620 623 2657; x_wconf 86' lang='lat' dir='ltr'>benedictum</span> <span class='ocrx_word' id='word_1_243' title='bbox 1042 2622 1154 2665; x_wconf 86' lang='lat' dir='ltr'>porta</span> <span class='ocrx_word' id='word_1_244' title='bbox 1186 2628 1372 2665; x_wconf 86' lang='lat' dir='ltr'>supernae</span> <span class='ocrx_word' id='word_1_245' title='bbox 1404 2621 1441 2654; x_wconf 85' lang='lat' dir='ltr'>et</span> 
     </span>
     <span class='ocr_line' id='line_1_41' title="bbox 283 2674 1556 2723; baseline -0.002 -9"><span class='ocrx_word' id='word_1_246' title='bbox 283 2687 468 2723; x_wconf 87' lang='lat' dir='ltr'>generans</span> <span class='ocrx_word' id='word_1_247' title='bbox 498 2677 714 2717; x_wconf 76' lang='lat' dir='ltr'>benedicta.</span> <span class='ocrx_word' id='word_1_248' title='bbox 1100 2675 1161 2712; x_wconf 85' lang='lat' dir='ltr'>via</span> <span class='ocrx_word' id='word_1_249' title='bbox 1192 2675 1366 2711; x_wconf 82' lang='lat' dir='ltr'>caelestis</span> <span class='ocrx_word' id='word_1_250' title='bbox 1399 2674 1556 2721; x_wconf 83' lang='lat' dir='ltr'>patriae.</span> 
     </span>
     <span class='ocr_line' id='line_1_42' title="bbox 224 2731 1290 2771; baseline -0.002 -2"><span class='ocrx_word' id='word_1_251' title='bbox 224 2743 292 2770; x_wconf 90' lang='lat' dir='ltr'>nos</span> <span class='ocrx_word' id='word_1_252' title='bbox 323 2745 346 2771; x_wconf 86' lang='lat' dir='ltr'>a</span> <span class='ocrx_word' id='word_1_253' title='bbox 375 2734 507 2771; x_wconf 83' lang='lat' dir='ltr'>mortis</span> <span class='ocrx_word' id='word_1_254' title='bbox 1042 2742 1110 2768; x_wconf 91' lang='lat' dir='ltr'>nos</span> <span class='ocrx_word' id='word_1_255' title='bbox 1142 2731 1290 2768; x_wconf 84' lang='lat' dir='ltr'>exsules</span> 
     </span>
    </p>
   </div>
   <div class='ocr_carea' id='block_1_11' title="bbox 226 2788 1434 2835">
    <p class='ocr_par' dir='ltr' id='par_1_20' title="bbox 226 2788 1434 2835">
     <span class='ocr_line' id='line_1_43' title="bbox 226 2788 1434 2835; baseline -0.002 -10"><span class='ocrx_word' id='word_1_256' title='bbox 226 2790 430 2827; x_wconf 78' lang='lat' dir='ltr'>maledicto</span> <span class='ocrx_word' id='word_1_257' title='bbox 460 2790 594 2830; x_wconf 81' lang='lat' dir='ltr'>libera.</span> <span class='ocrx_word' id='word_1_258' title='bbox 1005 2798 1009 2800; x_wconf 85' lang='lat'>·</span> <span class='ocrx_word' id='word_1_259' title='bbox 1043 2788 1210 2835; x_wconf 85' lang='lat' dir='ltr'>digneris</span> <span class='ocrx_word' id='word_1_260' title='bbox 1241 2788 1434 2824; x_wconf 84' lang='lat' dir='ltr'>reducere.</span> 
     </span>
    </p>
   </div>
  </div>
 </body>
</html>
