1785 3111
686 91 992 132 -235—

289 207 328 246 2.
374 205 491 251 Quem
524 208 662 242 canunt
696 204 797 242 cives
829 205 1004 253 Solymae
1035 216 1235 252 supernae,

375 263 469 301 Cum
496 262 595 309 regit
625 262 820 310 mundum,
853 273 969 311 mare,
1004 274 1105 313 rura,
1139 263 1270 300 stellas

373 318 578 356 Continens
610 323 704 356 nutu
736 319 919 356 Dominus
951 324 1100 357 creator

599 376 718 414 Omne
749 380 930 414 creatum.

289 480 326 518 3.
375 478 521 515 Pascha
551 478 615 524 qui
646 483 829 525 nostrum,
864 479 937 525 via,
972 478 1050 515 vita
1080 477 1198 524 fulsit,

374 535 489 572 Ortus
520 535 559 571 in
590 536 703 572 terris
735 536 860 572 oriens
891 535 938 572 ab
966 536 1057 580 alto,

375 591 509 629 Carnis
540 592 579 629 in
612 592 778 629 claustro
809 592 990 639 patiendo
1021 596 1179 629 mortem

599 650 725 687 Morte
756 649 932 687 redemit.

286 753 325 790 4.
373 752 563 789 Providus
596 755 721 788 custos
753 752 902 798 generis
934 751 1100 799 humani,

370 808 497 846 Morte
530 808 682 845 devicta
712 808 865 845 rediens
897 808 1128 857 redemptor,

372 864 505 902 Victor
531 865 582 903 ad
614 865 730 901 vitam
762 865 851 901 tulit
880 865 962 911 ipse
994 865 1176 912 praedam

596 922 734 959 Mortis
767 921 814 958 ab
847 932 925 959 ore.

288 1026 324 1063 5.
371 1023 472 1061 Hinc
503 1024 742 1070 planetarum
776 1024 911 1060 chorus
943 1034 1013 1060 axe
1045 1023 1178 1071 fulget,

366 1080 440 1126 En,
472 1080 583 1118 iubar
616 1080 817 1126 pulchrum
850 1081 1121 1127 speculumque
1152 1081 1242 1118 solis

365 1137 489 1175 Plena
520 1136 700 1184 fulgescit
730 1138 899 1174 radiisve
929 1138 1019 1175 luna

594 1194 754 1231 Lumine
784 1192 931 1235 fratris.

282 1299 319 1337 6.
365 1297 462 1334 Inde
494 1297 707 1344 congaudet
738 1297 860 1344 polus,
895 1297 1009 1345 unda,
1041 1297 1167 1347 tellus,

367 1353 539 1391 Gloriam
572 1354 724 1390 Christo
759 1354 933 1390 recinunt
964 1358 1121 1392 ovantes

367 1412 575 1458 Praepetes
607 1411 742 1456 pennis
772 1411 945 1448 volucres
978 1411 1107 1448 volatu

595 1467 705 1504 Nune
735 1468 975 1514 philomelae.

281 1673 319 1711 7.
363 1672 482 1721 Tado,
518 1676 555 1709 te
587 1672 729 1710 Christi
762 1672 930 1719 pretiosa
960 1673 1088 1719 palma

366 1729 548 1767 Sublevet
579 1739 729 1776 semper
760 1729 905 1766 meritis
937 1730 975 1766 in
1006 1730 1138 1775 altum,

365 1786 548 1825 Omnibus
580 1786 689 1823 nobis
722 1790 832 1832 pater
863 1790 976 1833 atque
1009 1785 1137 1824 fautor

592 1843 695 1881 Orbe
727 1844 895 1883 remotis.

138 1943 222 1976 Cod.
247 1945 394 1975 Bernen.
420 1941 497 1975 363.
525 1954 614 1975 saec.
642 1941 674 1976 9.
700 1961 744 1966 —-
771 1942 799 1981 1,
825 1941 846 1975 3
873 1954 973 1985 quae.
999 1961 1043 1966 —
1065 1943 1098 1982 4,
1120 1942 1140 1976 3
1162 1946 1246 1977 iiber
1258 1942 1433 1985 praedam
1454 1946 1617 1977 mundum

44 2006 87 2009 —
123 1987 161 2026 6,
198 1987 219 2020 3
254 1990 341 2021 iiber
371 1987 507 2029 pennis
543 2000 674 2021 omnes.
708 2006 753 2011 —
790 1989 827 2025 6,
861 1988 883 2021 4
913 1990 1026 2022 neben
1059 1987 1169 2021 Nunc
1188 1988 1402 2031 philomelae
1430 1992 1613 2032 „Carmina

46 2032 221 2066 cantant“.
255 2052 300 2057 —-
332 2035 483 2078 Hagen,
518 2035 683 2067 Carmina
718 2035 824 2067 medii
859 2036 955 2074 aevi,
993 2046 1025 2077 p.
1062 2035 1076 2067 1
1106 2046 1174 2077 sq.:
1208 2037 1357 2074 Traube,
1387 2037 1516 2069 Poetae
1542 2039 1618 2069 aevi

45 2080 201 2112 Carolini
225 2081 290 2120 ΙΙΙ,
316 2077 395 2111 232.

515 2260 596 2296 178.
632 2261 690 2304 (7.)
726 2262 903 2305 Hymnus
930 2261 1143 2297 Paschalis

644 2329 689 2363 ad
713 2332 892 2364 Tadonem
919 2333 1018 2364 alter.

277 2423 441 2470 Emicat,
474 2433 574 2469 ecce,
608 2423 689 2460 dies
720 2423 964 2470 paschalibus
997 2424 1096 2462 alma
1126 2425 1343 2472 triumphis,

335 2481 378 2517 In
413 2491 487 2528 qua
518 2480 757 2527 congaudent
787 2480 928 2527 sidera,
961 2493 1062 2529 rura,
1094 2482 1226 2519 solum.

278 2536 403 2583 Salve,
436 2535 534 2574 festa
566 2537 660 2584 dies,
690 2535 871 2574 festarum
904 2542 1037 2575 sancta
1069 2538 1229 2587 dierum,

334 2594 414 2641 Qua
445 2593 548 2631 Deus
579 2592 771 2630 infernum
803 2594 894 2630 vicit
926 2599 962 2631 et
994 2599 1098 2632 astra
1128 2600 1244 2633 tenet.

208 2653 230 2688 5
279 2650 420 2696 Tellus,
455 2661 513 2699 en,
547 2652 652 2688 vario
684 2650 822 2697 pandit
852 2662 919 2688 sua
949 2662 1105 2689 munera
1137 2656 1263 2699 partu,

339 2706 538 2755 Spondens
571 2707 762 2754 agricolae
793 2708 947 2744 vincere
977 2719 1090 2755 posse
1122 2707 1271 2747 famem.

278 2763 457 2801 Surrexit
485 2764 673 2812 Christus,
706 2764 762 2800 sol
794 2774 917 2811 verus,
953 2775 1110 2811 vespere
1140 2767 1275 2815 noctis,

339 2820 467 2867 Surgit
499 2824 536 2857 et
566 2821 654 2857 hinc
686 2820 839 2858 Domini
871 2822 1031 2869 mystica
1057 2822 1190 2859 messis
1222 2823 1317 2870 agri.
