1785 3111
782 73 1092 113 —358—

157 189 228 226 7a.
271 188 383 226 Cuius
415 198 461 224 ne
492 191 664 233 tepescat
971 187 1043 227 7b.
1086 187 1208 235 Ligna
1241 187 1314 224 duo
1347 187 1482 234 crucis,

265 245 361 291 ignis
394 243 571 292 caelicus,
1082 255 1142 289 en,
1176 243 1398 290 colligimus,

587 311 624 351 8.
673 312 746 348 Per
777 320 871 356 quae
901 311 1012 357 panis
1044 316 1244 358 coquatur,

671 378 743 413 quo
772 367 893 403 Elias'
910 377 1020 404 verus

672 434 830 469 pascens
865 428 1059 471 pascatur.

244 500 347 533 Grad.
382 512 443 532 ms.
480 500 739 540 Secovienset'?)
772 511 859 532 saec.
889 499 939 532 1⁴2.
989 501 1072 533 cod.
1098 501 1341 533 Vindobonen.
1371 498 1498 533 13314.
1524 518 1567 521 —
1593 497 1662 538 3a,
1697 497 1718 531 2

154 550 187 578 et
212 546 432 588 profundum.
459 563 501 568 —
526 546 747 578 XViederholt
772 556 834 577 aus
861 547 961 578 Amal.
986 547 1049 586 IX,
1075 545 1118 578 26
1144 557 1195 588 sq.

532 668 614 704 257.
651 669 731 711 (14.)
766 669 812 704 In
836 668 1099 704 Exaltatione
1124 679 1157 704 s.
1186 668 1339 704 Crucis.

650 753 686 790 1.
733 750 984 798 Magnificent
1016 750 1202 788 confessio

735 813 847 855 atque
878 807 1124 854 pulchritudo

155 877 228 916 2a.
273 876 405 923 Magni
436 876 535 923 regis
565 887 700 913 novam
975 876 1049 914 2b.
1094 876 1136 912 In
1168 886 1242 922 qua
1272 875 1526 921 triumphatus

269 933 308 969 in
340 943 450 970 cruce
483 933 693 983 victoriam,
1089 936 1146 969 est.
1176 932 1307 968 mortis
1338 932 1588 978 principatus.

159 1008 230 1044 3a.
274 1006 355 1052 Qua
387 1011 604 1043 evacuatum
978 1005 1049 1044 ab.
1082 1007 1162 1052 Qua
1193 1005 1384 1051 paschalis
1415 1005 1501 1052 agni

274 1068 329 1099 est
360 1063 509 1109 peccati
543 1063 683 1099 veteris
1088 1062 1306 1098 immolatur
1336 1062 1489 1098 victima

275 1119 580 1166 chirographum.
1090 1130 1159 1165 pro
1191 1119 1292 1155 ovili.

160 1195 231 1231 4a.
276 1194 357 1239 Qua
387 1194 557 1230 torcular
588 1193 721 1239 caleat,
977 1192 1051 1232 4b.
1095 1192 1208 1228 Cuius
1241 1191 1451 1228 antidotum

271 1250 323 1286 de
353 1249 476 1286 Edon]
505 1249 568 1295 qui
601 1253 757 1286 venerat
1091 1248 1298 1295 serpentini
1329 1248 1495 1285 vulneris

273 1310 311 1342 et
342 1306 388 1343 de
419 1306 551 1345 Bosra.
1091 1310 1198 1342 sanat
1229 1315 1407 1344 morsum.

160 1384 233 1419 5a.
275 1382 349 1418 Per
380 1378 528 1416 crucem
561 1380 641 1417 Deo
980 1379 1053 1418 5b.
1096 1381 1170 1417 Per
1199 1388 1347 1415 crucem
1377 1379 1491 1415 astris

277 1437 546 1474 reconciliatur
575 1437 749 1487 mundus,
1093 1436 1259 1472 sociatur
1289 1435 1483 1472 matutinis

277 1504 347 1540 per
377 1494 519 1540 lignum
552 1505 650 1530 nunc
672 1494 905 1543 redemptus,
1093 1492 1240 1529 factura
1271 1492 1486 1537 novissima,

277 1561 346 1596 per
376 1551 518 1596 lignum
1093 1553 1311 1586 restaurans

276 1608 313 1643 in
345 1607 469 1644 Adam
501 1607 689 1645 venditus,
1095 1605 1189 1642 caeli
1223 1605 1435 1651 dispendia.

174 1682 240 1719 ca.
286 1682 400 1727 Crux,
433 1681 532 1717 vitae
563 1681 716 1726 lignum,
979 1679 1052 1719 6b.
1097 1679 1282 1725 Christus,
1315 1689 1389 1725 pax
1421 1684 1563 1726 nostra,

276 1738 393 1774 vitam
423 1737 554 1773 mundi
585 1743 741 1782 portans
1091 1735 1308 1772 inimicitias

277 1798 389 1840 atque
420 1794 593 1839 pretium,
1090 1792 1240 1829 solvens
1270 1792 1308 1828 in
1340 1796 1377 1828 te

274 1855 315 1886 tu
346 1850 489 1886 vectrix
522 1860 560 1885 es
592 1849 703 1895 botri,
1091 1849 1162 1896 his,
1195 1852 1259 1895 qui
1292 1853 1399 1886 erant
1428 1858 1561 1897 prope,

277 1906 357 1943 nati
387 1907 424 1942 in
456 1906 576 1942 vineis
607 1906 798 1952 Engaddi,
1093 1906 1186 1942 dans
1217 1916 1361 1952 pacem,
1394 1909 1431 1942 et
1461 1905 1524 1952 qui
1554 1915 1576 1942 a
1601 1905 1722 1952 longe.

168 1983 236 2020 7a.
279 1980 308 2017 Ο
340 1980 459 2017 virtus
491 1980 625 2025 crucis,
981 1978 1051 2018 7b.
1094 1979 1123 2016 Ο
1153 1979 1303 2016 excelsa
1336 1990 1443 2024 crux,

277 2038 456 2073 mundum
487 2036 647 2073 attrahis
1088 2036 1164 2072 ima
1193 2034 1406 2082 perforans,

275 2093 527 2140 amplexando
557 2093 631 2129 tuis
1090 2092 1251 2139 vinctos,
1283 2103 1376 2138 quos
1408 2091 1587 2141 absolvis,

278 2150 365 2187 hinc
396 2150 485 2187 inde
516 2149 694 2188 brachiis.
1091 2149 1140 2186 ad
1171 2159 1314 2185 summa
1345 2148 1471 2195 erigis.

165 2226 236 2264 Sa.
279 2223 453 2261 Christus
485 2224 608 2259 carnis
640 2223 834 2270 templum,
981 2222 1053 2260 8b.
1094 2223 1203 2269 Agne
1234 2221 1354 2268 patris
1385 2221 1531 2267 summi,

276 2280 348 2316 hac
380 2279 524 2316 dierum
1094 2289 1203 2315 cruce
1234 2278 1370 2315 tollens

280 2347 423 2373 summa
455 2339 723 2382 constructum,
1094 2335 1251 2372 crimina
1282 2334 1454 2380 mundi,-

279 2392 378 2439 quod
408 2396 742 2438 tetragrammaton
1095 2392 1154 2440 da,
1188 2396 1229 2428 ut
1258 2391 1297 2427 in
1328 2394 1528 2437 augmento

282 2449 405 2486 Adam
437 2459 572 2495 graece
1095 2448 1277 2495 caritatis,

280 2505 435 2551 colligit,
468 2506 506 2541 in
538 2511 574 2541 te
1092 2504 1194 2551 fidei,
1228 2505 1309 2551 spei

282 2562 562 2599 dissolvendum
594 2561 729 2598 obtulit
1094 2565 1242 2607 stayros
1275 2563 1542 2597 sacrosanctae

281 2618 347 2655 sed
379 2623 419 2654 ut
449 2618 626 2654 mundum
880 2641 891 2655 ρ
1092 2618 1283 2654 valeamus

280 2675 401 2712 salvet
430 2674 697 2720 quadrifidum,
1091 2685 1174 2711 cum
1206 2673 1346 2709 sanctis
1376 2671 1550 2708 omnibus

281 2730 500 2768 reaedificat
1094 2730 1346 2766 dimensiones

282 2794 368 2835 post
397 2787 575 2824 triduum.
1093 2785 1425 2832 comprehendere.
