1785 3111
709 97 766 101 —
828 75 907 115 195»
967 100 1022 103 -

172 181 201 220 1,
226 180 247 214 3
271 184 405 224 potenti
431 185 474 216 D.
500 202 545 206 ——
569 183 600 226 2,
630 183 646 217 1
672 187 890 230 redemptore
912 190 950 221 F.
977 207 1021 212 —
1046 189 1076 229 3,
1107 190 1121 223 1
1150 203 1293 225 revoare
1310 195 1359 231 D;
1387 195 1533 227 roboare
1551 198 1588 228 F.
1606 215 1649 218 —

77 224 107 266 3,
134 225 155 259 3
180 231 371 260 creatorem
396 231 542 262 meruist
566 233 603 263 in
629 233 671 263 D.
698 250 742 254 —
765 232 796 272 4,
827 232 842 265 1
870 245 957 276 eque
983 237 1045 267 mit
1070 237 1249 270 fehlender
1273 240 1415 272 Initiale
1433 241 1483 281 D;
1510 242 1651 274 lucerna

77 272 119 303 D.
147 290 192 294 ——
216 271 253 313 5,
288 271 308 304 2
334 275 472 316 Facque
496 280 699 318 regnantem
727 278 813 310 bene
842 280 979 312 ADEF.
1006 300 1048 302 —
1075 281 1105 320 5,
1132 280 1153 314 3
1177 294 1361 317 numerare
1386 286 1432 326 A,
1468 297 1650 320 munerare

77 318 189 357 DEF;
216 319 286 350 luci
310 319 384 351 AD.
412 337 447 342 —·
465 319 496 355 6,
525 320 540 352 1
568 322 741 364 Angelum
767 329 925 357 sanetum
951 329 1119 360 vocitaris
1145 330 1189 362 D.
1208 347 1250 352 —
1269 328 1300 368 6,
1327 329 1347 362 2
1372 332 1493 374 flagita
1513 333 1650 365 Tonan-

74 366 142 395 tem
168 363 205 395 F.
231 382 273 386 —
300 363 330 403 7,
360 364 374 396 1
405 367 483 398 Hoc
507 370 615 408 tuque
640 369 677 400 F.
700 386 744 391 —
764 368 795 407 7,
820 367 841 401 2
859 372 948 403 Nate
975 375 1116 412 superni
1142 375 1243 406 dator
1267 385 1308 407 ae
1333 377 1530 419 redemptor
1550 379 1585 409 F.
1605 396 1648 400 —

76 406 106 446 7,
131 406 151 440 3
177 410 301 447 tribue,
329 421 510 452 precamur
535 413 621 445 fehlt
645 415 682 445 F.
708 433 753 436 —
778 413 808 453 7,
833 415 855 447 4
880 417 967 449 fehlt
991 419 1028 449 F.
1051 436 1094 440 ——
1112 419 1141 451 G
1166 420 1228 451 hat
1252 432 1317 453 nur
1343 422 1398 454 die
1418 422 1592 465 Strophen
1621 424 1648 463 l,

74 452 105 491 2,
131 452 150 485 6
180 455 250 486 und
276 453 311 495 7,
342 457 469 489 ebenso
496 458 702 498 Cassander,
730 462 861 502 Hymni
888 463 1009 495 eccles.
1036 475 1068 505 p.
1095 463 1160 497 262
1187 476 1236 508 sq.
1264 468 1334 498 und
1362 469 1489 500 Daniel
1515 471 1540 509 Ι,
1570 468 1648 502 267.

293 611 373 648 148.
411 613 492 656 (17.)
527 614 573 649 In
599 615 742 650 Natale
768 618 1056 661 Apostolorum
1082 620 1198 655 Petri
1225 622 1266 657 et
1293 623 1426 660 Pauli.

327 718 363 757 1.
411 718 637 756 Sanctorum
670 722 818 767 pariter
848 723 1012 770 promite
1042 726 1257 772 principum

407 774 597 825 Natalem,
631 778 736 825 socii,
769 779 924 825 psallite
955 780 1132 819 laudibus

462 832 728 881 Insignemque
759 836 992 882 triumphum

519 888 739 928 Gaudentes
767 893 892 929 sonitu
924 894 1024 934 date.

317 991 354 1028 2.
402 991 486 1028 Hoc
512 992 635 1037 poscit
667 993 796 1039 utique
827 994 960 1032 inclita
992 995 1113 1043 gloria

401 1047 608 1085 Tantorum
641 1050 819 1087 comitum
852 1052 951 1099 regis
983 1058 1021 1089 et
1054 1054 1199 1103 optimi,

460 1104 553 1142 Cum
584 1117 657 1152 quo
689 1107 785 1144 lucis
817 1108 855 1145 in
887 1120 975 1145 arce

513 1161 624 1199 Laeti
655 1169 841 1210 perpetuo
871 1171 1037 1205 manent.

309 1264 346 1300 3.
395 1262 492 1300 Nam
528 1264 663 1302 Petrus
695 1266 846 1304 titulum
879 1268 989 1315 erigit
1020 1270 1194 1321 arduum,

401 1319 493 1357 Cum
525 1332 594 1367 pro
626 1322 740 1359 laude
771 1323 843 1360 Dei
875 1325 1043 1372 claviger
1072 1328 1238 1365 aetheris

455 1377 637 1415 Exsultat
672 1390 877 1426 generosus

515 1434 620 1472 Caeli
651 1446 768 1483 regna
798 1443 933 1484 potens
964 1445 1111 1479 tenens,

312 1537 349 1574 4.
400 1535 513 1573 Cuius
545 1543 751 1584 perpetuus
783 1544 907 1577 exstat
938 1545 974 1577 et
1005 1542 1158 1580 inolitus

400 1593 540 1630 Paulus
574 1605 659 1631 nam
691 1597 830 1643 socius,
865 1598 998 1635 doctor
1029 1604 1066 1636 et
1097 1601 1278 1647 optimus.

455 1650 597 1687 Christi
626 1663 691 1689 vas
723 1654 931 1699 pretiosum

510 1707 563 1744 Et
593 1713 719 1746 rector
750 1711 882 1758 populi
911 1712 996 1749 Dei.

308 1810 345 1846 5.
393 1808 466 1855 En,
500 1820 592 1856 quos
623 1811 696 1847 iste
727 1817 849 1861 vocat,
883 1814 948 1850 ille
979 1825 1095 1861 supra
1127 1817 1240 1868 locat,

395 1866 494 1911 Quos
526 1867 667 1904 Paulus
698 1869 867 1919 adhibet,
903 1870 970 1908 hos
1003 1873 1139 1911 Petrus
1170 1875 1326 1925 inserit3

453 1922 595 1960 Christi
627 1925 735 1961 testis
767 1931 927 1974 uterque
958 1933 1027 1977 est,

508 1980 614 2018 Caeli
646 1982 738 2019 civis
770 1988 807 2019 et
837 1984 974 2024 incola.

311 2083 348 2119 6.
396 2082 587 2119 Christum
620 2089 741 2121 morte
773 2086 894 2122 crucis
926 2099 1011 2124 nam
1044 2091 1214 2136 sequitur
1247 2093 1394 2138 Petrus,

396 2139 488 2176 Cum
521 2149 651 2177 caesus
684 2142 809 2188 capite
840 2143 977 2181 Paulus
1009 2151 1045 2181 et
1077 2146 1233 2185 horride
1265 2156 1334 2194 est,

450 2196 627 2234 Victores
661 2204 773 2244 caput
802 2211 915 2236 unum

506 2254 631 2290 Ambo
664 2255 736 2291 rite
767 2260 898 2293 tenent
928 2258 1062 2297 Deum.

309 2356 342 2393 7.
392 2355 471 2392 Nos
503 2356 635 2393 horum
666 2358 853 2408 precibus,
886 2360 1050 2408 Christe,
1084 2363 1265 2408 piissimis

391 2412 445 2449 Te
479 2413 594 2450 dones
627 2415 737 2451 citius
768 2427 925 2462 poscere
957 2419 1127 2466 caelitus,

449 2469 564 2506 Absit
593 2472 692 2517 quod
725 2473 848 2508 scelus
880 2484 988 2510 omne

505 2527 555 2563 Et
588 2533 722 2564 cuneta
753 2530 906 2566 veniant
937 2530 1045 2570 bene.

303 2629 340 2666 8.
390 2629 578 2667 Immunes
610 2631 783 2668 manibus
815 2632 929 2668 simus
962 2639 998 2669 et
1029 2635 1189 2683 actibus,

395 2686 552 2723 Sensum
585 2690 700 2725 corde
732 2689 835 2735 pium
869 2688 999 2726 confer
1031 2697 1067 2728 et
1095 2694 1291 2742 optimum,

443 2743 503 2795 ‚Ut
533 2751 569 2780 te
601 2745 674 2781 rite
707 2746 872 2781 colentes

507 2801 712 2838 Cernamus
745 2802 946 2840 Dominum
980 2816 1124 2853 greges,
