1785 3111
649 95 698 100 ——
762 71 958 112 355—

48 189 71 226 6
89 198 122 224 a.
155 186 185 224 O
215 196 306 223 vere
335 185 492 223 nimium
525 185 627 224 beati
870 189 892 226 6
911 187 948 228 b,
984 187 1072 237 Vos,
1087 187 1212 232 Petre,
1227 186 1374 236 Iacobe,
1386 186 1587 232 Iohannes,

158 243 270 280 huius
300 243 438 279 secreti
469 242 622 292 conscii,
979 254 1025 281 ex
1056 243 1187 280 electis
1218 243 1328 280 electi
1359 245 1457 281 tres!

49 346 69 384 7
89 356 121 382 a.
154 344 335 382 Mirabile
366 348 553 381 secretum
868 348 889 384 7
909 346 947 385 b.
979 345 1109 383 Nubes
1150 346 1245 383 haec
1282 357 1356 383 non
1388 351 1587 393 terrorem,

160 401 269 439 vobis
302 406 359 438 est
389 401 612 451 revelatum,
978 403 1045 439 sed
1077 402 1222 449 gratiae
1255 403 1320 440 dat
1352 413 1489 452 rorem,

157 469 250 505 quos
282 458 401 494 nubes
432 457 675 498 obumbravit
980 471 1055 496 non
1086 458 1188 495 fumo
1216 459 1462 507 subobscura,

160 520 271 562 pater
303 515 443 554 docuit.
980 517 1046 553 sed
1079 517 1280 555 lucivoma.

49 619 123 657 83.
156 617 243 663 Hic,
277 618 371 654 caeli
403 618 580 665 claviger,
871 618 948 658 8b.
982 619 1012 656 Ο
1044 629 1175 654 sonum
1206 618 1352 664 gratiae

161 685 274 711 carne
293 675 446 721 dormis,
466 675 768 722 cordeimpiger.
983 674 1089 712 vobis
1133 675 1375 721 condignum,
1419 675 1587 712 Boaner-

1038 733 1127 777 gae!

49 836 72 873 9
92 845 125 874 a.
158 835 204 872 In
225 834 324 871 hunc
340 838 503 871 montem
523 835 768 872 conscendite
868 836 890 873 9
909 834 947 874 b.
980 833 1090 870 Nunc
1121 834 1232 870 homo
1262 844 1379 880 supra
1399 833 1588 870 hominem

161 895 248 938 post
277 897 355 928 tres
388 891 481 928 istos
982 895 1107 928 exstat
1137 891 1256 939 Iesus,

162 948 209 985 de
239 947 361 984 tribus
392 947 529 994 quique
981 959 1088 984 mons
1119 947 1269 984 mundis
1302 947 1418 984 corde

160 1005 271 1041 tomis
302 1008 441 1044 terrae.
982 1004 1220 1051 conspicuus.

21 1108 70 1145 10
90 1118 124 1147 a.
154 1107 199 1143 In
230 1110 413 1154 paternae
840 1108 890 1146 10
908 1107 945 1146 b.
976 1107 1030 1145 Ut
1059 1107 1214 1154 Moyses

159 1163 367 1200 maiestatis
980 1168 1015 1201 et
1047 1164 1259 1212 prophetae

160 1230 323 1268 regnans
354 1220 593 1267 celsitudine,
981 1221 1152 1257 cecinere
1184 1231 1358 1259 consone.

451 1324 515 1363 11.
563 1324 642 1370 Quo
673 1334 740 1360 nos
770 1327 856 1369 post
885 1326 936 1370 te,

564 1391 632 1417 rex
662 1382 760 1430 Iesu,
792 1379 913 1420 trahe,

111 1481 217 1513 Grad.
244 1492 307 1511 ms,
334 1480 594 1521 Secovienseffl
619 1491 708 1512 saec.
737 1478 786 1511 12.
836 1481 919 1512 Cod.
945 1480 1188 1512 Vindobonen.
1219 1478 1345 1513 13314.
1365 1482 1404 1512 A.
1431 1498 1474 1501 —
1492 1480 1590 1512 Offie.

20 1538 82 1559 ms.
108 1526 318 1558 Altahensia
343 1527 426 1557 anni
463 1524 558 1557 1442.
585 1527 671 1558 Clm.
700 1526 882 1557 Monacen.
909 1524 1007 1558 9508.
1036 1529 1071 1557 Β.
1102 1544 1138 1547 --
1166 1527 1254 1557 Miss
1292 1537 1354 1557 ms.
1380 1527 1589 1558 Brixinense

21 1583 111 1605 saec.
147 1570 199 1604 15.
250 1571 332 1603 Cod.
369 1571 610 1603 Vindobonen.
645 1570 742 1603 1782.
780 1573 818 1604 C.
851 1589 895 1593 -
920 1573 1049 1612 Hymn.
1076 1576 1109 1603 et
1136 1572 1298 1614 Sequent.
1325 1583 1387 1604 ms.
1414 1572 1591 1603 Emmera-

20 1629 138 1650 mense
169 1627 258 1649 saec.
299 1615 350 1648 15.
377 1617 465 1649 Clm.
490 1618 672 1649 Monacen.
702 1616 829 1650 14667.
860 1618 903 1649 D.
930 1635 971 1638 ——
996 1618 1094 1649 Miss.
1121 1629 1182 1649 ms.
1211 1618 1479 1659 Salisburgense
1505 1619 1589 1649 anni

23 1662 121 1696 1490.
169 1663 252 1694 Cod.
290 1662 533 1695 Vindobonen.
569 1661 665 1695 1778.
695 1663 737 1694 Ε.
772 1680 816 1684 -
849 1663 953 1695 Grad.
988 1673 1050 1694 ms.
1086 1663 1286 1696 sedlieense
1319 1674 1409 1695 saec.
1448 1661 1498 1694 15.
1532 1673 1588 1694 ex.

23 1710 105 1742 Cod.
132 1710 279 1750 Pragen.
306 1709 395 1740 XIII
420 1708 449 1739 A
473 1707 493 1739 5
518 1719 547 1740 e.
575 1709 611 1740 F.
636 1726 680 1730 —-

115 1754 142 1789 l.
177 1754 197 1785 ’Δ
230 1764 313 1796 prae
346 1755 438 1785 natis
472 1754 645 1794 BCDEF,
679 1754 860 1786 hominum
894 1755 992 1785 Iesus
1031 1754 1130 1786 CEF.
1159 1772 1203 1775 —
1227 1752 1289 1792 33,
1314 1753 1336 1786 4
1361 1755 1590 1795 symbolicam

21 1801 186 1833 BCDEF.
212 1817 255 1821 --
280 1797 346 1838 31),
372 1797 392 1831 2
417 1800 554 1831 excelso
581 1800 618 1831 C.
648 1818 691 1823 —
717 1797 779 1837 3b,
804 1797 825 1831 3
853 1810 951 1830 mons
977 1801 1052 1841 ipse
1077 1802 1247 1831 montium
1266 1800 1307 1831 E.
1324 1818 1367 1821 —
1386 1798 1447 1838 43,
1471 1799 1485 1830 1
1506 1800 1589 1831 solis

19 1847 88 1878 BF.
113 1864 158 1867 —
181 1844 242 1883 4a,
270 1843 291 1876 2
316 1855 379 1887 par
402 1848 499 1877 veste
524 1846 598 1876 nivi
623 1846 666 1877 D.
692 1863 737 1868 --
761 1843 827 1883 4a,
851 1843 874 1876 4
897 1845 1027 1876 deividi
1054 1846 1137 1885 BD;
1164 1845 1219 1876 dei
1245 1845 1309 1876 filii
1335 1846 1405 1878 ΟΕ.
1424 1863 1468 1867 —
1484 1844 1548 1883 4b,
1569 1843 1590 1877 3

23 1903 73 1933 sq.
99 1895 198 1933 pater
222 1891 384 1922 caelestis
410 1891 607 1923 ABCDEF.
633 1908 677 1912 —
708 1889 772 1929 4b,
799 1889 821 1922 4
845 1892 944 1922 cuius
970 1902 1038 1922 vox
1064 1891 1163 1923 DCF.
1190 1908 1233 1912 —
1259 1890 1319 1927 53,
1349 1890 1365 1922 1
1393 1892 1462 1922 Hic
1488 1894 1590 1922 natus

20 1945 73 1969 est
97 1938 139 1969 E.
166 1954 202 1958 —
233 1935 302 1968 5b.
328 1934 348 1967 2
374 1947 509 1978 semper
533 1936 652 1968 audite
676 1937 715 1969 B.
744 1954 783 1958 —
811 1935 873 1974 5b,
900 1934 920 1967 3
946 1937 1013 1967 soli
1039 1947 1158 1968 omnes
1187 1937 1349 1968 oboedite
1367 1938 1406 1968 B.
1425 1954 1467 1957 —
1487 1935 1549 1975 61),
1572 1935 1587 1968 1

20 1983 85 2021 Tu,
117 1984 230 2020 Petre,
266 1981 429 2013 BCDEF.
461 1999 504 2003 —
545 1980 602 2019 7a,
628 1979 649 2013 3
674 1982 766 2024 quod
791 1982 900 2013 nubes
928 1982 969 2012 E.
994 1999 1037 2002 —
1063 1980 1121 2019 73,
1146 1980 1167 2012 4
1193 1982 1331 2013 edocuit
1357 1983 1522 2014 CBDEF.
1548 1999 1592 2004 —

21 2027 81 2066 7b,
116 2026 136 2060 3
169 2028 401 2059 subobscurat
432 2028 472 2058 B.
506 2045 549 2049 —
583 2027 650 2059 Str.
684 2026 736 2059 33
767 2028 837 2059 und
873 2028 891 2059 b
918 2028 1119 2069 umgestellt
1143 2028 1309 2059 BCDEF.
1337 2045 1382 2048 d
1406 2025 1466 2062 83,
1498 2027 1511 2058 1
1538 2028 1591 2059 Τυ.

20 2074 109 2105 caeli
140 2073 295 2115 claviger
328 2074 433 2104 BDF.
463 2088 506 2093 —
539 2070 601 2111 81),
629 2071 646 2104 1
683 2074 711 2105 O
745 2084 904 2105 somnum
938 2074 1073 2115 gratiae
1101 2073 1264 2105 ssCDEF.
1284 2090 1327 2094 —
1354 2071 1415 2111 81),
1441 2071 1461 2104 2
1486 2073 1589 2105 nobis

17 2119 59 2151 D.
91 2137 136 2141 —
167 2117 228 2156 93,
254 2117 276 2150 4
300 2119 436 2150 thronis
460 2122 574 2150 terrae
599 2119 639 2150 B.
667 2136 709 2140 —
735 2117 800 2157 91),
827 2116 847 2150 3
874 2119 1021 2150 mimdus
1048 2118 1143 2149 BCF.
1174 2136 1216 2140 —
1243 2117 1308 2155 91),
1334 2117 1356 2149 4
1381 2120 1587 2160 prospicuus

18 2165 64 2203 Β,
99 2165 303 2206 perspicuus
336 2164 467 2196 CDEF.
500 2182 545 2185 —
577 2164 645 2196 Str.
679 2162 749 2196 103
780 2165 850 2195 und
876 2165 896 2196 b
923 2164 1123 2205 umgestellt
1150 2165 1209 2195 BD
1248 2181 1290 2185 —
1320 2163 1370 2201 11,
1401 2162 1416 2195 1
1443 2165 1496 2195 Tu
1522 2174 1585 2195 nos

18 2214 97 2253 post
119 2213 153 2242 te
179 2210 280 2241 cEF.
307 2227 348 2231 —
375 2209 462 2241 CEF
487 2209 577 2241 nach
602 2211 687 2242 Rev.
714 2211 759 2242 H.
784 2211 832 2241 M.
857 2210 1054 2241 Bannister.
1081 2226 1123 2230 —
1148 2210 1235 2240 Mel:
1270 2209 1354 2241 Eia
1388 2213 1543 2241 turma.

423 2377 505 2412 275.
541 2377 622 2419 (12.)
659 2378 704 2412 In
731 2377 885 2413 Octava
911 2377 1192 2412 Pentecostes.

425 2472 460 2509 1.
506 2471 634 2521 Pater,
670 2472 717 2509 da
747 2482 816 2518 per
847 2471 1003 2508 verbum

491 2528 600 2565 nobis
632 2527 892 2575 septiformem
925 2528 1117 2574 spiritum,

21 2631 43 2667 2
63 2641 96 2668 a.
127 2629 198 2676 Qui
229 2635 386 2677 septena
843 2629 921 2668 2b.
955 2631 1005 2667 Et
1038 2630 1193 2667 devotas

131 2687 329 2733 signacula
957 2697 1022 2724 cor
1053 2687 1222 2724 excitans

135 2743 349 2790 dissignans
386 2744 518 2781 doceat
954 2744 993 2780 in
1024 2754 1156 2790 preces
1187 2743 1370 2790 provehat

134 2810 201 2836 nos
232 2811 381 2837 ornnem
417 2800 598 2838 iustitiam
956 2811 1026 2846 per
1057 2800 1324 2838 beatitudines

1313 2864 1383 2897 *23*
