1785 3111
155 190 222 228 41.

154 710 221 748 42.

153 1232 220 1269 43.

778 73 1090 115 —606—

269 188 344 226 Sed
375 188 473 225 hanc
507 188 674 226 scholam
702 192 846 226 temere

322 246 482 282 mundus
514 245 714 291 irridebat,

266 301 457 348 Spernens
488 306 525 338 et
555 301 786 347 adnihilans‚

320 358 505 405 quidquid
537 358 808 407 promittebat3

265 415 346 451 Tua
377 425 466 452 vero
499 415 648 452 bonitas

321 472 422 508 vices
454 483 528 509 non
559 471 759 518 reddebat,

267 528 385 565 Immo
416 528 696 574 paenitentibus

322 588 441 622 totum
472 585 706 632 ignoscebat.

272 711 421 756 Quippe
453 710 511 746 cui
542 710 741 757 proprium

324 771 403 803 erat
435 767 622 813 misereri,

266 823 382 869 Diligi
416 824 639 861 desiderans

323 881 456 927 magis,
488 891 598 926 quam
630 880 767 928 timeri,

266 935 405 984 Ubera,
444 948 518 973 non
551 936 711 973 verbera

322 992 522 1038 proferens
552 993 694 1030 austeri

266 1049 530 1096 Praeceptoris
562 1049 683 1087 noluit.

323 1117 426 1143 more
460 1106 640 1144 revereri.

267 1230 351 1267 Hoc
381 1231 419 1267 in
450 1230 640 1268 adulterio

325 1288 428 1324 novit
460 1287 711 1334 deprehensa,

270 1345 384 1390 Quam
417 1344 464 1380 sit
496 1349 559 1382 tua
590 1344 712 1391 pietas

327 1401 448 1437 dulcis
480 1406 517 1437 et
548 1401 742 1451 immensa,

267 1457 498 1504 Magdalena
530 1458 647 1494 sensit
678 1457 761 1504 hoc,

325 1514 358 1550 ei
390 1525 472 1551 cum
504 1514 645 1552 offensa

267 1571 336 1608 Est
370 1571 536 1618 dimissa,
569 1572 691 1618 gratia

324 1628 526 1674 multiplex
557 1629 742 1674 impensa.

973 189 1039 227 44.
1086 188 1140 227 Ut
1170 189 1260 235 quid
1292 190 1409 228 multa
1441 188 1635 228 dicerem?

1143 250 1325 292 quotquot
1356 250 1442 283 sunt
1473 247 1592 283 secuti

1086 301 1180 339 Eius
1211 303 1482 350 magisterium,

1141 370 1164 395 a
1194 359 1271 395 suis
1303 359 1422 396 abluti

1086 414 1198 452 Vitiis
1230 421 1328 460 sunt,
1362 416 1513 462 optimis

1143 472 1310 509 moribus
1341 472 1476 510 imbuti

1085 527 1135 565 Et
1167 528 1214 565 ab
1245 529 1364 566 hostis
1394 529 1514 567 invidi

1144 583 1280 622 fraude
1312 584 1404 623 facti
1435 586 1519 624 tuti.

977 710 1043 750 45.
1089 710 1212 755 Felix,
1246 709 1305 747 eui
1335 710 1442 748 licuit

1145 767 1214 803 sub
1246 767 1317 803 hoc
1346 771 1594 813 praeceptore

1090 822 1318 860 Conversari
1347 823 1485 870 iugiter

1146 886 1181 916 et
1212 880 1259 917 ab
1293 880 1371 917 eius
1401 891 1467 917 ore

1088 937 1167 974 Mel
1200 937 1361 974 caeleste
1392 947 1540 986 sugere,

1147 994 1250 1030 cuius
1282 1004 1375 1040 prae
1407 994 1561 1031 dulcore

1087 1050 1341 1088 Amarescunt
1372 1054 1509 1099 cetera,

1145 1107 1257 1153 plena
1288 1111 1376 1144 sunt
1405 1105 1563 1146 foetore.

974 1231 1041 1270 46.
1089 1230 1196 1268 Haeo
1227 1234 1263 1267 et
1294 1231 1413 1268 multa
1443 1231 1536 1268 talia

1145 1287 1232 1324 dum
1264 1298 1368 1324 mens
1399 1288 1617 1334 meditatur,

1088 1345 1152 1381 Ad
1183 1344 1400 1381 reddendas
1431 1344 1573 1392 gratias

1143 1405 1224 1438 tota
1255 1406 1518 1451 praeparatur,

1086 1457 1139 1495 Et
1169 1457 1361 1494 laudando
1390 1457 1597 1496 Dominum

1146 1514 1265 1560 magis
1296 1512 1564 1558 inflammatur,

1091 1570 1227 1617 Sicque
1258 1570 1375 1608 horae
1407 1571 1542 1608 tertiae

1147 1626 1279 1664 cantus
1308 1628 1545 1667 terminatur.

585 1786 631 1825 V.
680 1786 876 1824 Cantus
917 1785 977 1824 ad
1016 1786 1299 1825 Meridiem.

210 1918 219 1928 .
264 1887 371 1934 Oci,
404 1888 481 1924 oei
512 1887 636 1924 anima

327 1944 464 1981 clamat
499 1944 537 1980 in
569 1944 639 1981 hoc
669 1948 784 1990 statu,

269 2000 413 2038 Crebro
445 1999 609 2038 fundens
640 2000 817 2037 lacrimas

323 2057 392 2094 sub
424 2057 495 2094 hoc
525 2057 703 2106 incolatu,

268 2114 446 2151 Laudans
480 2119 517 2151 et
547 2113 764 2161 glorificans

323 2182 458 2217 magno
485 2181 567 2207 eum
598 2174 734 2208 conatu

268 2227 473 2275 Christum,
506 2227 570 2274 qui
600 2231 655 2264 tot
687 2226 846 2275 pertulit

324 2294 390 2321 suo
421 2295 491 2330 pro
520 2288 639 2323 reatu.

156 2397 222 2435 48.
268 2396 312 2433 In
342 2396 414 2433 hac
444 2396 537 2434 hora
568 2397 632 2442 pia
661 2406 767 2434 mens

323 2453 428 2490 ebria
460 2453 622 2498 videtur,

214 2531 219 2536 ·
267 2508 342 2546 Sed
375 2509 475 2546 circa
506 2509 772 2545 meridiem

324 2565 426 2602 calor
457 2576 538 2601 eum
570 2570 739 2612 augetur,

268 2623 321 2661 Ut
352 2622 490 2658 amoris
522 2622 646 2658 iaculo

324 2683 402 2715 tota
433 2677 666 2725 perforetur,

267 2735 359 2772 Mox
390 2735 437 2772 ab
468 2735 534 2772 illa
564 2735 692 2782 passio

330 2791 471 2829 Christi
503 2795 734 2829 recensetur.

980 1889 1046 1928 49.
1094 1888 1255 1927 Plorans
1287 1898 1376 1935 ergo
1407 1887 1563 1934 respicit

1149 1956 1284 1990 agnum
1318 1944 1534 1990 delicatum,

1090 2002 1238 2048 Agnum
1271 2002 1352 2037 sine
1384 2002 1542 2051 macula,

1147 2057 1268 2102 spinis
1301 2062 1533 2104 coronatum,

1087 2113 1266 2150 Lividum
1300 2113 1531 2159 vulneribus,

1145 2170 1262 2207 clavis
1295 2169 1540 2215 terebratum,

1088 2227 1162 2265 Per
1193 2230 1247 2264 tot
1280 2226 1363 2263 loca
1395 2227 1565 2274 corporis

1145 2287 1264 2320 totum
1297 2287 1546 2322 cruentatum.

980 2397 1044 2436 50.
1091 2396 1197 2433 Tunc
1229 2397 1392 2433 exlamat
1424 2396 1546 2432 milies

1142 2453 1219 2489 oei
1252 2464 1332 2489 cum
1366 2453 1552 2498 lamentis,

1085 2508 1194 2554 Oci,
1227 2509 1303 2546 oci
1335 2509 1521 2554 miseram,

1144 2566 1231 2612 quia
1261 2576 1366 2601 meae
1397 2565 1532 2601 mentis

1088 2621 1233 2659 Turbat
1264 2626 1401 2658 statum
1433 2621 1599 2667 pallidus

1147 2679 1272 2715 vultus
1305 2677 1499 2714 morientis

1089 2734 1139 2771 Et
1171 2735 1392 2780 languentes
1423 2734 1522 2770 oculi

1145 2791 1183 2827 in
1216 2801 1327 2827 cruce
1356 2790 1570 2837 pendentis,
