1785 3111
826 88 905 128 195

429 240 510 277 145.
547 240 628 282 (14.)
662 241 765 276 Item
791 241 837 276 de
864 240 1092 276 Nativitate
1118 239 1293 276 Domini.

940 319 976 358 8.
1008 318 1092 355 Hoc
1122 318 1160 354 in
1192 318 1294 364 ligno
1324 317 1412 353 vitis
1446 328 1534 354 vera

90 319 129 356 1.
164 316 387 355 Gratuletur
417 318 538 355 omnis
571 328 658 355 caro

218 379 307 412 nato
339 374 491 412 Christo
523 375 697 424 Domino⁷

159 431 231 477 Qui
261 442 331 478 pro
363 431 475 478 culpa
506 432 734 478 protoplasti

218 498 368 525 carnem
399 494 567 525 nostram
598 489 733 537 induit,

160 544 211 583 Ut
243 545 423 593 salvaret,
456 556 548 592 quos
580 545 785 593 plasmavit

215 601 287 639 Dei
319 602 518 649 sapientia.

119 716 127 724 .
164 686 327 723 Verbum
359 688 481 734 patris
514 698 602 725 caro
631 686 772 724 factum

213 745 383 781 nascitur
413 755 459 782 ex
493 744 650 792 virgine,

157 801 243 837 Non
274 801 413 839 amissa
446 802 588 838 deitate

214 856 373 895 formam
405 858 505 895 servi
533 857 704 904 suscipit,

158 915 210 953 Ut
243 919 441 961 peccatum
473 916 520 952 de
551 919 709 961 peccato

214 972 412 1009 damnaret
439 972 689 1018 omnipotens.

118 1086 126 1095 .
158 1056 337 1104 Magnam
368 1057 481 1095 valde
513 1056 792 1094 commendavit

212 1124 282 1160 per
311 1113 518 1151 Iohannem
548 1114 722 1162 gratiam,

154 1170 378 1217 Baptizatus
410 1171 449 1207 in
478 1172 644 1208 Iordane

211 1227 304 1265 lavit
336 1228 468 1265 mundi
500 1228 670 1278 crimina,

154 1285 207 1323 Ut
239 1285 476 1322 credentium
506 1290 687 1333 purgaret

209 1342 375 1388 gentium
406 1342 571 1389 piacula.

115 1458 123 1467 .
156 1427 271 1473 Quem
305 1431 341 1464 et
373 1439 444 1465 vox
476 1432 634 1475 paterna
670 1432 801 1466 vocat:

208 1484 321 1534 Ecce,
354 1495 459 1522 meus
490 1484 602 1532 filius,

154 1543 198 1580 In
230 1553 302 1588 quo
335 1542 557 1588 complacui,
593 1542 766 1592 dilectus,

211 1599 318 1642 caeli,
351 1603 477 1636 terrae
510 1599 696 1648 dominus,

149 1655 244 1705 Ipsi,
277 1659 419 1706 gentes,
450 1655 641 1703 oboedite,

210 1722 404 1761 regesque,
438 1713 656 1751 subdimini.

112 1825 121 1835 .
154 1797 225 1843 Qui
256 1797 360 1834 venit
391 1798 517 1835 surdis
548 1799 731 1850 auditum,

208 1854 330 1891 caecis
362 1854 484 1891 visum
514 1856 691 1903 reddere,

150 1911 304 1948 Claudis
334 1922 486 1958 gressus
518 1917 746 1963 restaurare,

204 1972 372 2005 mortuos
403 1969 601 2014 viviscere,

149 2025 385 2071 Paralyticos
417 2037 552 2063 curare

208 2082 485 2129 daemonesque
514 2083 671 2132 pellere,

107 2196 116 2205 .
148 2166 339 2213 Leprosos
371 2178 517 2214 quoque
548 2170 746 2218 mundare,

203 2223 355 2261 morbos
388 2235 516 2261 omnes
548 2230 708 2274 tergere,

148 2279 306 2317 Fluctus
338 2281 452 2318 maris
485 2282 673 2330 mitigare,

203 2336 260 2373 ire
291 2348 407 2384 super
436 2339 569 2375 latices

146 2393 195 2430 Et
226 2394 356 2441 ignota
387 2395 649 2433 demonstrare

203 2451 364 2488 saeculis
394 2452 589 2490 miracula.

106 2562 115 2571 .
148 2534 242 2571 Nam
278 2539 313 2571 et
343 2540 477 2582 sponte
511 2537 698 2574 immolari

201 2592 321 2628 voluit
353 2603 423 2639 pro
455 2594 640 2643 omnibuS,

145 2647 338 2696 Colaphis,
372 2651 495 2695 sputis
526 2649 701 2700 infectus,

203 2709 403 2742 coronatus
434 2707 604 2744 sent-ibus

147 2760 343 2808 Lignoque
375 2763 492 2800 clavis
524 2764 692 2801 confixus

197 2817 236 2854 in
266 2819 388 2855 crucis
419 2820 602 2866 patibulo,

935 688 957 724 9

907 1057 969 1095 10.

906 1427 969 1466 11.

904 1800 968 1838 12.

902 2170 967 2209 13.

903 2541 966 2578 14.

1066 375 1241 421 pinguem
1283 373 1431 411 botrum
1468 375 1638 424 protulit,

1005 432 1065 468 Ex
1096 442 1169 478 qua
1200 431 1308 468 nobis
1339 436 1587 468 manaverunt

1064 493 1302 525 sacramenta
1333 488 1519 525 maxima:

1007 545 1167 593 Sanguis
1194 555 1324 581 roseus
1357 549 1392 581 et
1424 556 1533 591 aqua,

1062 612 1157 648 quae
1189 601 1358 638 libantur
1390 602 1559 647 mystice.

964 716 971 724 .
1004 686 1118 723 Virus
1150 685 1298 732 pepulit
1332 686 1492 722 chelidri

1062 746 1100 779 et
1130 743 1334 779 momordit
1363 741 1519 787 inferos,

1005 799 1250 837 patriarchas
1282 800 1495 846 captivatos

1061 856 1211 903 longum
1244 860 1331 902 post
1362 857 1536 893 exsilium

1003 913 1064 951 Ab
1096 912 1247 950 inferno
1279 913 1469 960 liberavit,

1060 970 1281 1016 paradisum
1312 970 1520 1008 transtulit.

1004 1055 1180 1093 Claustra
1210 1054 1337 1093 ferrea
1369 1055 1533 1101 disrupit

1061 1117 1098 1149 et
1129 1113 1319 1149 concussit
1351 1113 1525 1153 Tartara,

1004 1170 1123 1206 Terra
1154 1169 1309 1207 tremuit
1340 1169 1387 1206 ab
1420 1169 1507 1216 imo,

1060 1230 1290 1273 crepuerunt
1320 1237 1522 1271 marmora,

1001 1283 1054 1321 Et
1084 1284 1284 1321 multorem
1310 1287 1400 1320 tunc
1421 1286 1638 1319 sanctorum

1060 1344 1306 1378 surrexerunt
1338 1350 1510 1387 corpora.

1002 1426 1216 1469 Exsustate,
1249 1425 1435 1474 nationes,

1059 1483 1194 1530 plausu
1226 1482 1351 1519 cordis
1382 1482 1527 1533 intimo,

1003 1540 1098 1586 Quia
1129 1540 1219 1577 vicit
1250 1540 1309 1575 leo
1342 1538 1453 1576 fortis

1060 1598 1261 1634 draconem
1292 1594 1527 1645 pestiferum,

1001 1655 1140 1692 Passus
1173 1657 1229 1690 est
1260 1657 1295 1690 et
1328 1656 1536 1692 resurrexit

1059 1722 1143 1748 cum
1173 1710 1367 1756 triumpho
1398 1712 1528 1751 nobili.

1002 1797 1140 1836 Sedem
1172 1797 1268 1833 caeli
1300 1797 1498 1843 repedavit

1059 1854 1197 1891 dextra.
1226 1854 1349 1900 patris
1381 1854 1568 1901 residens,

999 1911 1095 1950 Inde
1129 1911 1299 1948 creditur
1330 1916 1511 1949 venturus

1058 1969 1096 2005 in
1130 1968 1191 2005 die
1222 1967 1354 2004 iudicii

998 2025 1137 2063 Mundi
1168 2025 1304 2061 molem
1336 2022 1582 2077 inflammare,

1056 2082 1193 2128 impios
1225 2091 1397 2130 exurere,

1000 2167 1180 2207 Reddere
1210 2165 1351 2202 sanctis
1380 2171 1593 2208 mercedem

1055 2225 1169 2271 digno
1202 2222 1248 2259 de
1280 2224 1499 2272 certamine,

996 2282 1068 2329 Qui
1099 2283 1306 2328 praecepta
1337 2288 1585 2321 servaverunt

1052 2336 1270 2375 testamenti
1301 2337 1449 2387 gemini,

996 2397 1050 2436 Ut
1081 2394 1204 2431 effecti
1237 2393 1336 2430 cives
1368 2394 1441 2430 Dei

1053 2452 1244 2490 socientur
1275 2451 1436 2497 angelis,

1000 2539 1132 2578 Gloria
1164 2540 1318 2573 aeterno
1349 2536 1448 2581 patri

1055 2600 1092 2633 et
1122 2603 1219 2640 agno
1253 2591 1467 2640 mitissimo,

994 2653 1065 2700 Qui
1095 2651 1319 2696 frequenter
1350 2648 1568 2689 immolatur

1049 2710 1321 2757 permanetque
1352 2705 1499 2754 integer

992 2767 1093 2804 Deus
1121 2775 1216 2801 unus
1248 2762 1286 2798 in
1318 2765 1453 2801 natura

1049 2834 1131 2861 cum
1161 2822 1292 2860 sancto
1324 2818 1540 2865 spiramine,

1354 2891 1424 2925 13*
