1785 3111
682 112 984 152 ——40'1—

51 225 154 257 Metit
181 225 258 265 D1;
293 228 331 256 ut
363 228 522 257 aeternas
548 225 586 257 Ο.
621 242 664 246 -
697 224 754 263 15,
787 223 807 256 2
832 225 985 267 Elapsus
1011 225 1052 256 de
1079 225 1218 258 aethere
1243 227 1282 257 Β.
1308 243 1352 247 -
1380 223 1438 264 15,
1471 223 1493 256 4
1519 226 1627 258 Curat

50 271 117 302 tibi
145 270 286 303 BFHK.
311 287 357 291 —
383 268 434 309 16,
459 268 480 301 2
505 270 593 302 Eius
620 272 727 312 stirpe
753 271 799 302 M.
827 288 871 292 -—
900 269 950 309 16,
976 268 997 302 3
1022 281 1104 302 cara
1130 276 1164 302 et
1189 271 1368 313 praeclara
1385 271 1427 302 K.
1453 288 1497 292 —
1525 269 1576 309 17,
1604 269 1625 302 2

50 316 302 358 Virtutumque
328 316 485 353 praedita
509 316 549 348 O.
575 333 617 337 —
647 314 705 354 18,
743 315 757 347 1
785 317 873 348 Nam
901 316 1019 347 adulta
1045 316 1094 353 Ο,
1131 316 1190 348 sed
1216 318 1348 348 inculta
1373 317 1454 352 ΕΗ,
1489 315 1547 347 hic
1572 318 1624 348 in-

48 361 145 393 culta
170 362 212 395 K.
239 379 283 382 —
310 358 362 399 18,
389 358 410 392 3
435 361 563 392 Sancta
589 361 698 399 vultu,
727 366 847 393 sancta
872 361 967 392 cultu
994 363 1104 394 HKO.
1131 379 1175 383 -
1202 359 1252 399 18,
1280 361 1302 393 4
1328 363 1456 395 Sancta
1482 371 1624 403 prorsus

49 406 261 439 BGHKMO.
286 423 329 427 —
361 406 428 437 Str.
462 404 506 438 20
529 405 616 438 fehlt
640 408 666 438 Ι.
699 424 744 428 -
774 406 836 440 21,
876 406 890 438 1
919 406 1027 438 Corde
1054 407 1187 448 pudens
1213 409 1311 449 virgo
1338 407 1487 449 prudens
1514 406 1553 438 O.
1581 425 1626 428 —-

50 450 105 492 21,
123 450 144 483 2
161 453 266 493 Legis
287 451 428 483 studens
447 452 690 484 observantiae
709 454 748 483 Ο.
769 470 812 474 —
830 450 883 491 23,
902 450 922 484 3
941 452 987 483 Et
1004 462 1168 484 arcanum
1187 453 1226 484 Ο.
1246 470 1287 474 -
1306 451 1359 491 24,
1383 452 1396 484 l
1418 463 1521 494 quani
1535 453 1562 484 I.
1580 470 1625 474 —

48 496 104 536 24,
127 495 148 529 3
173 508 243 529 non
268 497 333 529 hoc
358 500 439 529 ante
466 498 490 528 Ι.
518 515 555 518 -
584 495 638 536 24,
667 497 688 529 4
714 499 785 530 Nec
812 501 889 540 post
914 498 986 529 ulla
1006 499 1066 534 D1;
1096 496 1176 530 Ulla
1202 509 1271 529 non
1297 499 1489 540 promeruit
1505 498 1553 529 M.
1580 516 1621 520 —

47 541 101 581 25,
133 542 148 574 1
177 542 236 574 Sic
262 543 400 584 legatus
426 542 484 573 IO.
510 560 554 564 —
579 540 633 582 27,
658 542 681 575 4
705 545 837 576 habens
864 545 902 575 B.
929 560 973 565 —-
999 540 1052 579 28,
1083 543 1097 574 1
1126 553 1229 583 quam
1256 554 1362 575 suave
1388 544 1424 574 F.
1452 561 1495 566 —
1523 541 1575 582 28,
1603 542 1623 575 2

48 588 254 620 miraculum
272 588 311 619 B.
335 605 379 609 —
405 585 458 625 29,
487 586 502 619 1
525 589 553 621 O
572 589 723 631 benigna
741 590 815 621 Deo
835 590 874 621 O.
891 605 935 610 —
953 587 1005 626 29,
1031 587 1052 620 3
1071 589 1214 630 Semper
1230 594 1331 630 grata
1348 592 1381 620 et
1399 589 1437 620 Ο.
1458 607 1502 609 -
1522 587 1575 625 30,
1603 587 1624 620 2

48 635 211 666 Meruisti
229 634 271 665 K.
298 650 340 654 --
366 631 420 671 30,
446 633 466 666 3
486 635 582 673 Quae
608 635 740 676 repleta
758 635 796 665 A.
824 652 868 655 ——
893 632 947 672 31,
974 632 994 665 2
1012 635 1121 666 Dabit
1146 635 1209 665 tibi
1231 636 1266 666 Β.
1293 651 1336 655 -
1362 633 1416 671 32,
1444 632 1464 665 2
1481 634 1621 670 Terrae,

47 680 138 712 caeli
164 679 304 710 domina
323 680 362 711 Ο.
388 696 432 700 -
457 677 512 717 32,
537 677 558 710 3
584 684 617 711 et
641 691 711 711 non
729 681 788 712 DI.
816 696 858 701 --
884 677 938 717 33,
968 678 981 710 1
1002 680 1080 711 Non
1107 680 1257 711 turberis
1276 680 1345 710 DI:
1373 680 1445 710 Nec
1471 680 1622 711 turberis

49 726 97 764 Ο,
124 735 187 756 nec
204 725 342 756 mireris
359 725 419 756 ΙΟ.
437 742 480 746 -
497 722 551 764 33,
578 722 599 757 3
615 726 732 767 Digna
751 726 891 767 quidem
910 725 969 757 sed
987 726 1026 756 Ο.
1047 742 1084 745 —
1106 723 1159 764 35,
1192 724 1205 755 1
1227 725 1360 756 Summi
1380 726 1492 756 virtus
1510 727 1621 766 patris

50 774 190 802 sanctus
218 771 264 801 M.
291 787 335 791 —
359 767 420 808 35,
453 768 474 802 3
500 771 544 802 Et
573 771 634 802 DI.
660 788 703 792 —-
727 769 789 807 35,
825 769 847 802 4
871 774 951 802 tuus
978 771 1024 801 sit
1050 770 1117 802 BG.
1143 787 1186 791 —
1210 767 1272 805 36,
1302 769 1315 800 1
1345 774 1449 811 atque
1475 780 1623 811 regnans

49 817 100 855 Κ,
132 817 208 857 ipse
240 825 388 858 regnans
413 816 452 847 O.
490 834 529 837 -
564 814 624 854 36,
658 814 680 847 4
706 812 827 848 Tollet
858 815 966 847 nundi
992 815 1132 847 FHKO.
1167 833 1211 836 —
1236 813 1297 852 37,
1336 814 1351 846 1
1379 816 1447 847 Hic
1474 816 1623 848 salvabit

48 861 212 900 BDGIO;
246 861 304 892 Sic
335 861 487 892 salvabit
511 862 558 902 A,
590 863 625 894 IS
660 862 812 894 salvabit
837 862 882 892 H.
914 878 959 882 —
992 858 1053 899 37,
1086 858 1109 891 4
1132 862 1289 902 Regnum
1323 862 1351 891 is
1378 861 1417 891 O.
1445 878 1488 881 —-
1522 860 1619 892 Nach

52 907 119 939 Str.
145 905 188 938 37
214 907 300 948 Regi
329 916 455 948 magno
481 911 544 938 etc.
571 908 610 940 Ο.
636 926 680 930 -·
705 904 767 945 38,
802 905 822 937 2
847 906 968 938 fideles
994 907 1132 938 animae
1158 907 1261 938 BGO.
1286 923 1331 927 ——
1358 903 1419 943 38,
1446 904 1468 937 4
1493 906 1620 938 Salvae

47 955 86 983 tu
111 952 219 983 FHK.
245 969 290 973 ——-
313 949 377 989 40,
403 949 424 982 2
448 953 538 983 Nam
562 963 640 984 cum
664 956 747 984 nato
773 952 812 983 O.
839 968 881 973 --
903 950 958 989 40,
983 950 1006 983 4
1030 952 1194 993 Regnans
1222 952 1260 983 Β.
1289 968 1331 972 -
1356 949 1411 989 41,
1440 950 1460 983 3
1486 956 1519 982 et
1546 962 1619 993 pre-

48 1001 172 1029 cantur
196 998 231 1036 Ι,
268 1000 302 1028 et
325 998 495 1029 mirantur
519 999 574 1037 M,
608 998 657 1029 Te
682 999 861 1032 mirantur
890 1002 922 1029 te
948 1000 1135 1039 precantur
1158 997 1269 1035 BGO,
1304 998 1353 1028 Te
1379 998 1552 1028 mirantur
1578 1008 1618 1028 ac

48 1045 234 1084 precantur
257 1042 366 1074 FHK.
397 1060 441 1064 —
472 1041 535 1081 41,
568 1041 590 1074 4
622 1044 671 1075 Te
703 1043 826 1075 devote
853 1043 965 1074 GHK.
999 1060 1044 1064 —
1075 1040 1136 1079 43,
1169 1040 1189 1074 3
1215 1043 1264 1074 Te
1295 1047 1457 1084 precatur
1481 1042 1540 1073 IO.
1574 1059 1617 1064 —

47 1086 103 1125 44,
129 1086 150 1119 3
173 1088 288 1119 Tuum
308 1088 345 1119 Β.
371 1105 416 1109 -
440 1086 493 1127 45,
519 1087 541 1120 4
559 1089 704 1131 Porrige
730 1089 896 1121 solatium
914 1088 953 1120 G.
981 1105 1022 1109 —
1048 1085 1102 1125 46,
1129 1086 1148 1119 2
1167 1088 1371 1120 Suboubant
1389 1089 1434 1126 Β,
1461 1087 1616 1129 cupidini

49 1134 119 1165 AB.
147 1150 191 1157 —-
215 1131 272 1171 47,
296 1131 317 1165 3
345 1143 395 1174 sq.
421 1133 537 1165 fehlen
562 1135 602 1166 A.
630 1152 671 1156 —
697 1132 750 1172 48,
783 1133 797 1165 1
826 1136 897 1166 Nec
923 1135 1052 1165 amaris
1078 1134 1189 1165 GKM.
1216 1152 1259 1156 —
1287 1131 1342 1174 49,
1368 1131 1389 1164 2
1413 1133 1470 1164 Me
1496 1133 1621 1164 iaculis

49 1180 90 1210 A.
115 1196 159 1200 -—
183 1176 247 1217 49,
279 1177 302 1211 4
325 1179 393 1210 Per
416 1182 476 1210 tua
501 1181 528 1212 1.
554 1197 597 1201 —-
623 1178 685 1218 50,
712 1178 732 1211 2
757 1182 914 1222 ingentia
938 1181 985 1217 Α,
1020 1180 1250 1220 prementium
1277 1179 1324 1210 H.
1347 1197 1390 1202 ——
1416 1177 1477 1216 50,
1508 1176 1529 1210 3
1554 1180 1620 1210 His

50 1224 204 1256 ablatum
230 1225 282 1265 D,
316 1226 346 1256 is
371 1224 528 1256 ablutum
554 1226 581 1256 Ι.
615 1243 656 1248 —-
691 1223 751 1263 50,
786 1224 808 1256 4
832 1226 1003 1268 flagitium
1030 1226 1067 1256 Β.
1094 1244 1136 1247 -
1162 1222 1222 1262 51,
1252 1223 1266 1255 1
1290 1226 1389 1265 virgo
1415 1229 1511 1255 tuam
1536 1235 1619 1266 rogo

51 1269 127 1301 ΚΟ.
152 1287 196 1291 ——-
221 1268 276 1311 51,
301 1268 322 1301 2
346 1270 422 1301 Tua
448 1270 654 1302 excellentia
678 1272 712 1304 I:
742 1271 895 1313 Supplex
922 1270 1165 1301 excellentiam
1183 1270 1223 1301 O.
1248 1287 1291 1291 —
1319 1269 1372 1307 51,
1398 1267 1418 1301 3
1444 1274 1619 1301 aeternam

49 1317 120 1347 vite
145 1325 286 1347 cernam
311 1316 350 1348 Ο.
379 1334 418 1337 -
445 1314 498 1354 51,
523 1315 546 1347 4
569 1317 683 1357 gloria
709 1317 736 1348 Ι.
762 1335 803 1338 —
831 1315 883 1354 52,
911 1315 927 1347 1
956 1318 991 1346 in
1017 1316 1076 1346 AB
1102 1326 1209 1347 neuer
1226 1314 1422 1347 Abschnitt.
1450 1333 1490 1337 —-
1517 1312 1570 1353 52,
1599 1314 1618 1346 2

51 1361 162 1392 Natus
188 1362 235 1393 M.
261 1378 304 1382 —-
330 1359 389 1399 52,
416 1358 437 1392 3
462 1361 608 1393 salvasti
635 1365 668 1393 et
694 1363 849 1404 purgasti
876 1362 984 1393 BHK.
1010 1378 1053 1382 —
1080 1358 1141 1399 53,
1166 1359 1188 1392 4
1214 1362 1259 1392 sit
1284 1361 1349 1392 tibi
1375 1361 1421 1391 M.
1450 1378 1488 1381 —
1516 1359 1571 1398 55,
1598 1360 1619 1392 3

51 1407 123 1437 Nec
142 1408 190 1438 sis
208 1405 317 1438 BGM.
336 1423 379 1428 —-
398 1404 451 1445 55,
477 1406 499 1438 4
515 1407 740 1439 Peccatorum
760 1407 909 1449 pondere
927 1408 966 1438 B.
986 1424 1027 1427 —
1047 1404 1100 1444 56,
1119 1406 1139 1438 3
1156 1410 1270 1438 mente
1287 1416 1370 1437 vera
1390 1406 1616 1438 BFHIKMO.

50 1469 94 1474 —
119 1450 184 1490 57,
211 1450 223 1483 ]
254 1453 307 1484 Ne
332 1453 368 1483 in
396 1452 510 1483 laeum
535 1453 576 1484 G.
601 1470 645 1473 ——
670 1451 732 1484 58,
756 1453 778 1484 4
802 1454 867 1484 Per
892 1457 925 1484 te
951 1454 1057 1483 vitem
1084 1453 1207 1483 noxios
1234 1453 1274 1483 D.
1301 1468 1346 1473 —
1371 1450 1425 1490 59,
1451 1449 1471 1483 3
1497 1453 1617 1483 matris

47 1497 128 1538 piae
156 1497 195 1529 Ο.
229 1515 271 1519 -
309 1495 367 1536 60,
401 1496 423 1528 4
455 1498 527 1530 Nos
559 1509 677 1529 sumus
711 1499 755 1530 H.
789 1516 833 1520 —
865 1498 962 1530 Naeh
997 1501 1064 1529 Str.
1097 1495 1139 1529 60
1170 1498 1256 1539 Regi
1291 1507 1417 1539 magno
1453 1500 1516 1529 etc.
1548 1497 1619 1528 und

50 1542 156 1574 Pater
179 1543 275 1574 Deus
301 1547 364 1574 etc.
390 1544 429 1575 O.

138 1588 389 1630 Rhythmus
415 1589 495 1620 XII.
527 1606 572 1610 —
607 1587 645 1628 1,
674 1587 694 1620 2
729 1594 879 1630 quantus
912 1589 1061 1620 cendens
1088 1589 1126 1619 F.
1154 1605 1195 1609 -
1222 1586 1256 1625 l,
1284 1586 1304 1619 3
1329 1589 1557 1629 Magistratus
1584 1592 1617 1620 et

46 1635 217 1675 primatus
241 1634 322 1669 ΕΚ,
355 1632 599 1676 Magistratum
626 1639 660 1666 et
684 1637 869 1676 primatum
896 1635 969 1673 111,
1000 1635 1243 1675 Magistratum
1273 1634 1332 1674 qui
1359 1636 1546 1675 primatum
1572 1635 1614 1665 D.

47 1695 90 1699 —
116 1676 156 1717 2,
186 1678 201 1711 1
229 1681 333 1711 enixa.
357 1681 456 1721 virga
479 1679 547 1711 fixa
573 1681 612 1712 O.
638 1697 682 1701 —
708 1679 744 1717 2,
770 1678 791 1711 2
817 1680 1009 1711 Sanctitate
1037 1681 1075 1710 B.
1100 1697 1142 1701 —-—
1169 1677 1207 1717 2,
1234 1676 1254 1710 3
1279 1680 1381 1710 Viam
1409 1680 1524 1713 ΒΗΚ,
1551 1681 1618 1710 iter

44 1725 130 1756 facis
155 1725 182 1756 I.
206 1743 251 1746 —
276 1722 315 1761 3,
342 1723 362 1755 2
388 1727 512 1757 itinere
538 1727 577 1758 O.
603 1742 646 1747 —
672 1723 710 1760 3,
737 1724 757 1757 3
782 1725 1028 1767 Delinquenda
1054 1726 1114 1756 DI.
1140 1742 1184 1745 —
1209 1724 1247 1761 3,
1272 1723 1294 1756 4
1318 1735 1431 1756 novae
1461 1725 1548 1767 legis
1575 1726 1614 1757 Ο.

48 1788 89 1792 —
115 1768 159 1809 4,
186 1768 206 1801 2
231 1770 277 1802 Os
304 1781 416 1802 meum
443 1772 486 1802 H.
514 1788 557 1792 —
581 1769 612 1810 4,
638 1770 661 1802 4
684 1772 800 1803 Verba
825 1781 901 1803 mea
927 1772 971 1802 H.
997 1787 1039 1791 —
1066 1769 1097 1809 5,
1122 1768 1143 1801 3
1171 1771 1259 1801 Dum
1287 1771 1348 1801 DI.
1378 1789 1407 1792 —
1444 1769 1475 1808 5,
1501 1770 1523 1801 4
1549 1772 1614 1801 sim

46 1815 195 1847 fallatiis
221 1816 259 1847 B.
284 1833 328 1837 -—
353 1814 384 1853 7,
413 1815 428 1848 1
457 1817 644 1848 Benedicta
669 1816 773 1858 digne
798 1817 891 1848 dicta
909 1816 949 1847 Ο.
980 1834 1015 1836 -
1046 1814 1077 1853 7,
1104 1814 1124 1846 2
1150 1816 1281 1857 placuit
1306 1816 1362 1855 Μ,
1390 1816 1523 1847 Cuncta
1540 1816 1615 1847 Deo

44 1861 175 1903 placita
203 1862 244 1893 O.
272 1879 315 1883 -—
339 1860 378 1899 7,
403 1860 425 1892 4
451 1862 640 1903 Reparavit
666 1863 876 1895 BFGHKO:
910 1862 1051 1893 Perdita
1076 1863 1230 1893 restituit
1253 1861 1300 1892 M.
1326 1878 1370 1882 —
1395 1858 1426 1899 8,
1454 1859 1474 1892 2
1500 1863 1560 1903 qui
1586 1862 1612 1893 1,

44 1923 87 1928 —
114 1904 152 1944 8,
178 1904 199 1938 3
225 1917 275 1948 sq.
300 1907 415 1938 fehlen
440 1908 479 1938 B.
507 1925 551 1928 —
576 1906 619 1945 9,
646 1905 666 1938 2
689 1908 807 1940 nullus
833 1908 941 1939 FHK.
963 1924 1008 1929 —-
1031 1905 1062 1944 9,
1088 1906 1109 1938 4
1133 1908 1186 1938 Tu
1211 1907 1350 1938 lactasti
1376 1906 1416 1937 O.
1446 1924 1483 1927 ——
1516 1905 1566 1945 11,
1597 1905 1611 1950 1

45 1951 140 1994 Ergo
165 1962 286 1993 pensa,
312 1962 413 1993 quam
441 1953 478 1984 Ο.
505 1971 549 1974 —
576 1951 635 1992 11,
665 1952 685 1984 2
711 1955 755 1985 sit
782 1953 868 1985 fehlt
892 1954 934 1984 D.
962 1970 1004 1974 ——
1033 1950 1084 1989 12,
1109 1951 1131 1983 4
1155 1952 1353 1983 Imbellices
1381 1953 1416 1983 Β.
1442 1969 1485 1972 —
1515 1949 1566 1991 13,
1592 1951 1613 1983 4

48 1998 225 2039 Optimum
252 1998 440 2029 remedium
459 1999 498 2030 Ο.
526 2016 568 2020 -
594 1997 645 2038 14,
674 1998 689 2030 1
718 2009 768 2040 sq.
795 1998 863 2030 und
890 1997 911 2030 3
937 2010 986 2040 sq.
1013 1998 1211 2040 umgestellt
1229 1998 1267 2029 Ο.
1294 2015 1336 2018 -
1364 1996 1415 2035 14,
1445 1996 1459 2028 1
1484 1998 1613 2029 Mentis

42 2042 161 2074 lumen
185 2043 293 2075 FHK.
319 2060 362 2064 —
390 2042 440 2081 15,
466 2041 486 2074 3
511 2044 599 2075 Iuva
624 2055 772 2086 pressos,
797 2045 875 2076 leva
900 2045 1009 2076 fessos
1035 2044 1081 2074 M.
1107 2061 1152 2064 -——
1179 2042 1228 2075 15,
1258 2042 1273 2074 1
1301 2047 1334 2074 et
1358 2044 1530 2074 viatorum
1558 2044 1607 2075 D:

43 2090 77 2119 et
101 2091 302 2120 cunctorum
329 2089 391 2120 ΚΟ
427 2106 471 2110 —-
499 2088 558 2127 15,
592 2088 614 2121 4
638 2100 741 2131 posce
766 2090 885 2130 DMO,
914 2091 1073 2121 meritum
1100 2088 1328 2120 BDFHIMO.
1354 2106 1396 2109 —
1425 2086 1490 2126 16,
1523 2087 1538 2119 1
1565 2089 1613 2121 L't

45 2137 188 2165 ovantes
213 2134 252 2166 G.
280 2152 323 2156 —
351 2131 404 2172 16,
430 2132 450 2165 2
476 2135 631 2166 Redeant
657 2136 700 2167 ad
725 2136 765 2168 G.
790 2153 834 2156 —
863 2134 913 2173 16,
939 2133 960 2167 3
988 2135 1092 2166 tunde
1118 2138 1241 2165 ventos
1268 2134 1309 2164 N.
1335 2152 1377 2155 —
1406 2131 1457 2171 16,
1486 2132 1507 2164 4
1531 2134 1610 2165 Mea

44 2179 169 2210 sedans
195 2180 248 2219 Μ,
282 2180 378 2211 Meta
403 2181 448 2212 B:
486 2180 608 2212 sedens
636 2183 673 2213 B.
699 2198 743 2202 -
770 2179 823 2219 17,
848 2178 868 2211 2
894 2181 940 2212 Et
965 2180 1152 2212 concordes
1179 2180 1228 2217 N,
1254 2179 1297 2209 ad
1322 2180 1472 2210 invicem
1502 2180 1539 2210 B.
1566 2196 1608 2200 —

45 2221 96 2262 18,
121 2222 142 2256 3
168 2224 217 2256 Ut
242 2229 453 2266 cognascant
478 2225 570 2257 hunc
591 2227 638 2260 G:
664 2226 720 2258 hic
746 2229 779 2257 et
806 2229 951 2267 poscant
970 2227 1013 2257 N.
1037 2242 1081 2246 —
1110 2222 1160 2262 18,
1185 2223 1207 2255 4
1225 2224 1388 2265 Optatum
1417 2224 1606 2255 remedium

42 2270 92 2309 Ν,
119 2269 227 2302 Suum
253 2271 465 2302 adiutorium
492 2272 530 2303 Ο.
557 2288 600 2293 ——
629 2270 679 2309 19,
709 2270 856 2303 lRaum
882 2272 937 2302 fiir
961 2281 1049 2302 neue
1075 2270 1216 2301 Initiale
1237 2271 1274 2300 Β.
1304 2287 1347 2290 —
1373 2267 1425 2306 21,
1457 2268 1472 2300 l
1501 2274 1534 2301 et
1560 2271 1610 2301 sie

41 2315 86 2345 D.
111 2333 155 2337 —
180 2313 233 2353 21,
260 2314 280 2347 3
305 2312 351 2347 Et
377 2316 417 2347 de
443 2316 570 2348 mundo
595 2318 641 2348 M.
668 2335 712 2338 —-
736 2315 789 2348 22.
816 2314 836 2348 3
862 2317 948 2348 Dele
974 2318 1043 2347 tuis
1062 2316 1140 2347 HK.
1166 2333 1210 2337 *-
1238 2312 1291 2352 23,
1322 2313 1404 2346 1Te
1430 2315 1609 2347 credentes

41 2359 80 2391 B.
114 2377 158 2381 —
188 2358 249 2399 23,
283 2358 303 2391 2
339 2361 429 2402 pelle
455 2362 559 2395 ANO.
594 2380 638 2383 —
673 2360 734 2400 23,
767 2359 787 2393 3
819 2366 857 2393 ut
886 2362 1001 2393 futura
1027 2362 1068 2392 N.
1099 2379 1137 2382 —
1163 2360 1261 2392 Nach
1287 2358 1347 2398 25,
1379 2358 1401 2391 4
1424 2361 1534 2392 Amen
1560 2362 1607 2393 O:

42 2415 156 2437 neuen
180 2406 368 2437 Abschnitt
392 2406 589 2438 markieren
615 2408 746 2439 ABFO.
772 2426 816 2430 —
841 2405 895 2443 26,
922 2406 942 2438 2
960 2407 1007 2438 Et
1032 2406 1227 2448 redemptor
1244 2406 1284 2438 G.
1316 2424 1345 2426 ἡ
1380 2403 1433 2443 26,
1459 2404 1481 2437 4
1501 2406 1607 2437 Alvus

43 2450 155 2482 almae
180 2452 269 2491 ΜΟ,
304 2452 413 2483 Alvus
447 2463 566 2484 sacrae
592 2453 698 2483 FHK.
725 2471 769 2474 —
793 2451 851 2490 27,
885 2451 906 2483 3
931 2462 1009 2483 nam
1036 2452 1093 2483 vel
1119 2452 1200 2483 auxi
1226 2453 1264 2483 Β.
1291 2469 1335 2472 -
1360 2449 1421 2489 27,
1454 2450 1476 2482 4
1502 2462 1608 2493 agens

0 2528 1 2532 ,
40 2495 158 2528 debita
195 2498 243 2531 D:
276 2507 406 2540 augens
439 2497 556 2529 debita
589 2498 624 2529 I:
660 2500 775 2539 Agens
809 2509 943 2539 ¹semper
967 2498 1040 2529 ΒΚ.
1072 2514 1114 2518 —
1146 2496 1206 2530 28.
1240 2495 1260 2528 2
1286 2498 1456 2538 Baptismi
1494 2507 1608 2528 sacra-

0 2556 2 2574 ι
42 2545 194 2573 mentum
224 2542 271 2580 G,
307 2543 423 2584 spater
447 2543 577 2584 korrig.
604 2545 640 2574 in
666 2543 872 2574 sacrificium
900 2545 937 2575 Β.
964 2560 1008 2564 -
1032 2541 1086 2581 29,
1112 2540 1132 2573 2
1157 2543 1214 2574 Me
1240 2544 1357 2583 pravis
1382 2542 1530 2574 FHKO:
1556 2553 1610 2573 nie

0 2583 2 2619 l
40 2585 126 2617 fehlt
150 2587 188 2618 B.
221 2605 266 2609 —
301 2586 360 2625 29,
394 2586 415 2620 3
447 2588 595 2620 fovendo
625 2588 664 2619 Ο.
704 2607 747 2610 —
779 2586 839 2623 31,
873 2586 893 2619 3
918 2589 966 2620 Te
1001 2589 1122 2620 timore
1148 2590 1187 2620 B.
1213 2605 1255 2609 —-
1281 2585 1342 2625 31,
1374 2587 1395 2618 4
1420 2588 1487 2618 Tui
1514 2588 1607 2629 reple

0 2621 5 2639 1

0 2644 4 2654 ·
41 2630 175 2663 DHIK.
202 2650 242 2654 —
270 2631 330 2672 32,
366 2632 381 2665 1
410 2638 502 2671 esto,
534 2644 664 2665 memor
690 2638 762 2665 esto
788 2634 834 2665 M.
862 2652 904 2655 —
928 2631 988 2671 32,
1015 2631 1036 2664 2
1061 2635 1129 2673 Qui
1153 2631 1216 2673 (m'2
1242 2634 1330 2674 que)
1355 2632 1531 2674 proficeris
1557 2635 1604 2664 K:

1 2659 5 2714 l
44 2675 133 2715 Quid
160 2678 262 2709 nobis
288 2689 349 2720 pro
374 2679 497 2711 feceris
515 2680 564 2710 H:
592 2680 776 2721 profeceris
797 2679 837 2710 Ο.
863 2697 904 2701 -
930 2676 984 2717 33,
1009 2678 1030 2710 4
1047 2680 1143 2711 Tuae
1170 2680 1290 2710 matris
1309 2679 1411 2710 FKO.
1438 2696 1481 2699 —
1506 2676 1558 2715 34,
1591 2678 1602 2708 1

0 2718 7 2769 1
43 2726 79 2753 et
111 2721 197 2754 haec
222 2724 262 2755 Ο.
297 2743 339 2747 —-
366 2722 428 2763 34,
464 2723 484 2756 3
510 2725 606 2764 Quae
632 2726 784 2767 portavit
809 2725 852 2763 Ο,
888 2726 1061 2766 Linguam
1087 2726 1213 2761 frenet.
1246 2735 1304 2755 cor
1329 2729 1463 2755 serenet
1489 2724 1535 2753 M.
1562 2741 1604 2743 —

0 2749 9 2810 :i
41 2763 108 2805 34,
132 2765 154 2798 4
179 2767 326 2800 Carnem
353 2771 501 2812 stringat
525 2768 684 2811 fragilem
710 2771 756 2801 M.
782 2788 826 2791 —
851 2768 913 2807 35,
937 2768 960 2800 4
983 2771 1131 2811 gratiam
1157 2771 1195 2801 B.
1221 2786 1263 2790 —-
1291 2767 1348 2805 36,
1378 2768 1393 2799 1
1420 2769 1500 2799 Iesu
1526 2773 1604 2799 nate

0 2789 10 2854 l
43 2813 172 2853 pietate
199 2813 240 2845 Ο.
266 2832 309 2835 -
333 2812 395 2852 36,
420 2813 441 2847 3
467 2815 558 2854 Quid
587 2816 780 2853 dicendum,
807 2815 888 2856 quid
913 2816 1100 2857 gerendum
1129 2817 1236 2847 FHK.
1263 2833 1305 2836 -
1334 2813 1388 2846 36,
1414 2812 1435 2844 4
1462 2817 1604 2853 Semper

0 2859 14 2918 ll
44 2856 129 2888 mihi
154 2858 201 2889 M.
228 2875 271 2880 —
297 2857 358 2898 37,
392 2858 412 2891 3
437 2861 483 2892 Et
508 2863 576 2892 iam
602 2862 716 2893 ΑΗΕ,
750 2862 861 2903 Atque
888 2860 994 2892 dones
1020 2861 1058 2891 O.
1086 2879 1127 2884 -
1153 2859 1213 2893 38.
1252 2859 1266 2891 1
1293 2870 1362 2890 11011
1388 2859 1538 2889 ocultum
1566 2860 1606 2889 Β.

0 2919 13 2934 »1
1323 2914 1356 2924 *h*
1379 2914 1387 2920 ⁷*
