1785 3111
0 2999 9 3111 -νο
0 2963 5 2970 -

23 3029 30 3033 ι

740 45 1050 86 —491—

227 159 292 199 10.
335 159 386 196 Et
434 159 505 196 hoc
545 158 584 195 in
627 159 706 196 alta
747 170 840 197 voce
881 159 1007 197 omnia
1047 160 1232 198 elementa
1274 159 1476 198 audierunt
1516 165 1554 198 et
1593 163 1683 198 ante

113 216 290 254 thronum
320 216 392 253 Dei
426 216 625 252 dixerunt:

228 274 294 312 11.
343 272 479 320 Wach,
513 272 749 310 rubicundus
781 272 935 321 sanguis
965 273 1177 310 innocentis
1208 273 1294 320 agni
1324 274 1361 311 in
1390 273 1682 321 desponsatione

110 341 178 368 sua
207 329 344 366 effusus
376 333 444 366 est.
521 370 523 372 ¹

227 387 289 424 12.
337 386 421 423 Hoc
462 386 621 423 audiant
662 396 791 423 omnes
823 386 919 423 caeli
951 390 988 423 et
1018 387 1058 423 in
1091 397 1236 423 summa
1268 387 1494 433 symphonia
1524 387 1682 425 laudent

110 454 246 490 agnum
280 443 374 489 Dei,
411 442 498 489 quia
529 447 659 489 guttur
691 443 881 490 serpentis
912 443 1059 490 antiqui
1090 443 1129 480 in
1160 443 1243 479 istis
1274 445 1490 490 margaritis
1521 444 1683 481 materie

110 499 217 538 verbi
249 499 321 536 Dei
351 498 572 537 suffocatum
605 503 673 539 est.

675 676 756 712 335.
794 676 873 719 (12.)
910 677 1101 720 Hymnus.

225 785 261 822 1.
311 783 402 821 Cum
444 795 516 821 vox
558 782 750 830 sanguinis
783 782 948 821 Ursulae
993 787 1030 819 et
1070 783 1282 821 innocentis
1314 784 1449 821 turbae
1481 784 1560 821 eius
1590 787 1680 821 ante

108 841 284 878 thronum
316 840 387 878 Dei
424 840 570 889 sonuit,
613 840 769 886 antiqua
806 839 1009 886 prophetia
1040 840 1144 877 venit
1175 851 1244 888 per
1276 841 1443 878 radicem
1475 840 1678 878 Mambrae

108 898 148 935 in
179 908 269 934 vera
299 897 515 935 ostensione
546 896 729 933 trinitatis
762 899 797 932 et
831 895 949 934 dixit:

225 956 264 993 2.
311 955 389 991 Iste
420 953 572 1000 sanguis
603 964 670 989 nos
705 952 838 1000 tangit,
871 963 970 989 nunc
1002 964 1129 991 omnes
1161 954 1404 1001 gaudeamus.

224 1012 260 1050 3.
306 1011 357 1048 Et
402 1014 536 1057 postea
580 1009 685 1046 venit
732 1010 972 1057 congregatio
1018 1011 1104 1058 agni
1151 1021 1220 1057 per
1265 1011 1423 1048 arietem
1469 1012 1508 1048 in
1555 1012 1678 1060 spinis

108 1068 337 1116 pendentem
368 1071 404 1104 et
437 1067 555 1106 dixit:

224 1127 264 1163 4.
310 1124 412 1161 Laus
444 1124 493 1161 sit
524 1123 562 1160 in
593 1123 800 1160 Ierusalem
833 1134 902 1169 per
932 1123 1111 1161 ruborem
1141 1124 1251 1161 huius
1284 1124 1492 1171 sanguinis.

221 1184 259 1222 5.
305 1181 455 1219 Deinde
494 1180 599 1218 venit
637 1179 863 1217 sacrificium
897 1180 1026 1229 vituli,
1070 1181 1170 1228 quod
1201 1185 1310 1219 vetus
1342 1182 1403 1218 lex
1436 1181 1676 1229 ostendebat,

103 1237 330 1276 sacrificium
370 1238 495 1275 laudis
538 1237 818 1274 circumamicta
859 1237 1044 1274 varietate
1076 1242 1113 1274 et
1145 1249 1240 1284 quae
1273 1238 1409 1275 faciem
1444 1238 1513 1275 Dei
1548 1239 1675 1286 Moysi

102 1295 361 1344 obunbilabat,
397 1295 548 1331 dorsum
580 1293 636 1329 illi
668 1294 885 1334 ostendens,

217 1354 254 1391 6.
300 1353 383 1390 Hoc
414 1355 501 1388 sunt
531 1350 771 1396 sacerdotes,
813 1351 877 1397 qui
908 1361 977 1397 per
1006 1351 1154 1398 linguas
1186 1362 1272 1389 suas
1303 1352 1425 1389 Deum
1457 1351 1662 1389 ostendunt

106 1412 141 1446 et
174 1407 345 1456 perfecte
377 1419 461 1445 eum
494 1408 627 1444 videre
658 1418 731 1444 non
763 1412 934 1454 possunt.

219 1467 256 1504 7.
301 1465 353 1502 Et
384 1465 583 1502 dixerunt:
616 1464 646 1501 Ο
678 1464 913 1502 nobilissima
945 1464 1070 1514 turba,
1104 1464 1209 1511 virgo
1243 1465 1326 1513 ista,
1360 1476 1456 1512 quae
1486 1465 1525 1502 in
1552 1466 1667 1502 terris

103 1522 246 1560 Ursula
289 1527 470 1569 vocatur,
515 1521 555 1557 in
601 1521 755 1558 summis
802 1521 975 1559 columba
1015 1522 1251 1566 nominatur,
1299 1522 1385 1568 quia
1427 1522 1667 1559 innocentem

104 1579 254 1616 turbam
286 1579 334 1616 ad
365 1589 405 1615 se
438 1578 602 1624 collegit.

219 1636 256 1675 8.
302 1635 432 1673 Turba
480 1646 636 1681 magna,
693 1646 804 1681 quam
854 1635 1112 1672 incombustus
1163 1635 1302 1682 rubuS,
1354 1646 1465 1682 quem
1514 1635 1674 1683 Moyses

105 1692 275 1740 viderat,
320 1691 508 1740 significat
547 1698 584 1728 et
624 1703 734 1738 quam
777 1692 877 1729 Deus
918 1692 956 1729 in
997 1692 1121 1738 prima
1162 1692 1290 1729 radice
1322 1693 1586 1742 plantaverat,
1636 1692 1677 1729 in

106 1749 268 1797 homine,
311 1760 421 1796 quem
453 1749 499 1786 de
530 1748 620 1785 limo
653 1746 896 1798 formaverat,
926 1753 967 1785 ut
998 1748 1078 1785 sine
1110 1749 1375 1786 commixtione
1405 1750 1479 1786 viri
1512 1750 1672 1797 viveret,

107 1817 190 1843 cum
222 1806 432 1843 clarissima
462 1815 554 1843 voce
586 1805 763 1842 clamavit
793 1806 831 1842 in
862 1806 1066 1852 purissimo
1096 1816 1210 1855 auro,
1253 1806 1404 1853 topazio
1436 1810 1471 1843 et
1504 1806 1677 1854 saphyro

108 1863 392 1901 circumamicta
421 1862 458 1899 in
491 1873 595 1899 auro.

224 1922 262 1959 9.
310 1919 419 1957 Nunc
463 1919 652 1966 gaudeant
696 1929 824 1956 omnes
870 1918 965 1956 caeli
1010 1922 1047 1955 et
1092 1929 1221 1956 omnes
1262 1919 1417 1966 populi,
1466 1930 1549 1956 cum
1595 1919 1674 1956 illis

109 1981 301 2015 ornentur.
365 1976 500 2014 Amen.

522 2097 605 2133 336.
643 2097 723 2140 (13.)
761 2096 1005 2141 symphonia
1029 2097 1254 2141 virginum.

225 2203 261 2241 1.
308 2203 338 2241 Ο
379 2202 597 2240 dulcissime
636 2208 799 2249 amator,
843 2215 863 2240 0
907 2203 1123 2240 dulcissime
1154 2202 1404 2249 amplexator,
1438 2202 1578 2240 adiuva
1608 2213 1677 2240 nos

112 2259 304 2297 custodire
335 2259 594 2306 virginitatem
625 2265 806 2298 nostram.

227 2318 263 2356 2.
313 2316 391 2353 Nos
419 2327 534 2353 sunus
565 2321 670 2353 ortae
700 2317 739 2353 in
772 2318 941 2363 pulvere,
985 2316 1069 2364 heu,
1102 2315 1186 2363 heu,
1218 2319 1255 2352 et
1285 2315 1323 2352 in
1356 2316 1512 2352 crimine
1542 2316 1675 2366 Adae3

111 2371 224 2410 valde
254 2372 388 2410 durum
421 2378 477 2409 est
510 2373 782 2422 contradicere,
817 2373 917 2420 quod
948 2372 1062 2410 habet
1093 2376 1224 2420 gustus
1246 2372 1370 2421 pomi,
1405 2377 1446 2410 tu
1468 2372 1572 2420 erige
1592 2383 1675 2422 nos,

113 2429 280 2467 salvator
312 2428 474 2468 Christe.

237 2487 273 2524 3.
320 2485 398 2523 Nos
440 2485 700 2523 desideramus
739 2486 920 2523 ardenter
959 2489 996 2523 te
1037 2486 1163 2532 sequi3
1206 2497 1227 2523 o
1268 2496 1379 2533 quam
1419 2496 1536 2532 grave
1568 2485 1676 2522 nobis

121 2542 269 2579 miseris
298 2547 354 2579 est
385 2547 422 2579 te
453 2543 732 2580 immaculatum
765 2547 802 2579 et
831 2543 1068 2579 innocentem
1099 2553 1225 2590 regem
1257 2543 1475 2589 angelorum
1510 2542 1673 2578 imitari!

237 2602 275 2637 4.
318 2599 460 2636 Tamen
492 2598 714 2636 confidimus
736 2600 775 2636 in
796 2604 845 2645 te,
878 2599 977 2646 quod
999 2605 1039 2636 tu
1062 2599 1256 2637 desideres
1278 2610 1462 2647 gemmam
1483 2598 1678 2645 requirere

114 2655 153 2691 in
185 2655 396 2701 putredine.

231 2714 268 2749 5.
315 2712 425 2749 Nunc
475 2712 703 2749 advocamus
754 2716 791 2748 te
839 2723 1018 2759 sponsum
1064 2716 1101 2750 et
1147 2712 1443 2761 consolatorem,
1500 2711 1563 2758 qui
1608 2721 1677 2748 nos

117 2766 310 2805 redemisti
340 2768 378 2805 in
410 2779 533 2807 cruce.
