1785 3111
102 300 120 337 1

102 529 123 564 0⁷(

73 810 122 847 10

72 1662 122 1698 25

72 1945 124 1982 30

70 2229 119 2265 35

101 2599 136 2640 1.

683 45 733 73 ¹—
794 45 875 86 395

526 191 609 226 305.
647 192 704 233 (ἵ.)
741 190 883 226 Oratio
910 190 960 225 ad
984 190 1143 225 Filium.

157 299 252 337 Jesu
284 297 447 344 Christe,
479 297 582 334 Deus
615 302 754 346 noster,

160 355 266 392 Bone
298 360 430 401 pastor
461 358 497 390 et
528 353 722 401 magister,

162 411 234 456 Qui
265 421 348 448 cum
380 421 481 447 esses
513 408 635 447 forma
667 410 738 447 Dei

161 467 384 514 Coaequalis
416 467 538 514 patris
569 467 635 515 tui,

158 525 323 571 Propter
354 524 545 560 hominum
578 524 735 560 salutem

158 581 322 619 Induisti
355 581 478 617 carnis
511 585 654 618 vestem

159 638 210 675 Et
243 638 290 675 de
323 642 454 674 ventre
486 637 663 684 virginali

156 695 364 741 Tamquam
387 705 548 740 sponsus
571 693 803 740 processisti.

159 751 221 789 Sic
251 751 288 788 in
321 751 446 788 carnis
478 755 666 787 vetustate

157 808 410 846 Conversatus
441 807 522 844 sine
552 807 650 853 labe,

157 866 208 903 Ut
241 870 276 901 et
308 875 401 912 opus
432 864 663 910 adimpleres

156 922 207 959 Et
239 922 453 968 exemplum
483 920 591 957 nobis
625 921 758 965 dares;

156 979 271 1025 Opus,
304 978 470 1025 inquam,
502 977 673 1025 pietatis,

155 1036 346 1082 Superans
377 1034 552 1071 affectum
584 1035 732 1074 mentis,

159 1091 407 1130 Contumeliis
439 1095 596 1129 vexatus

156 1149 207 1186 Et
240 1149 277 1185 in
311 1158 459 1185 crucem
491 1148 709 1185 sublevatus

157 1205 358 1243 Generalis
388 1204 521 1242 mortis
551 1205 635 1241 iura

156 1262 391 1299 Destruxisti
422 1267 544 1298 morte
575 1268 651 1298 tua.

156 1319 391 1368 Dormivisti,
425 1319 640 1365 surrexisti,

158 1375 281 1422 Super
313 1376 438 1413 caelos
469 1375 692 1413 ascendisti.
740 1412 744 1423 ,

159 1434 254 1470 Inde
286 1432 414 1469 venies
445 1433 483 1469 in
514 1431 600 1475 fine,

158 1490 261 1536 Quae
292 1488 430 1536 fecisti,
462 1489 644 1538 iudicare,

157 1546 392 1583 Redditurus
426 1546 540 1596 digna
572 1544 683 1583 factis

157 1603 248 1641 Cum
282 1603 498 1640 redditione
530 1603 668 1641 carnis.

156 1659 403 1708 Deus-homo,
436 1660 522 1696 Iesu
555 1659 718 1707 Christe,

158 1717 400 1764 Miserorum,
433 1717 638 1766 miserere,

158 1774 405 1819 Deus-homo,
437 1784 505 1810 rex
539 1774 741 1821 caelorum,

155 1831 341 1867 Miserere
374 1830 606 1869 miserorum.

151 1887 273 1924 Huius
305 1886 394 1924 fidei
426 1885 632 1933 confessor,

155 1943 265 1981 Licet
293 1954 380 1980 reus
412 1948 449 1980 et
479 1948 738 1990 transgressor

155 2001 320 2048 Duplex,
351 2012 430 2049 oro,
466 2002 552 2038 Iesu
582 2001 746 2049 Christe,

154 2057 300 2095 Nomen
333 2068 446 2104 super
476 2068 609 2094 nomen
643 2068 763 2106 omne,

155 2114 208 2152 Ut
237 2118 396 2161 peccata
427 2113 619 2152 confitenti

154 2171 216 2211 Et,
235 2171 395 2208 virtutes
426 2171 619 2208 anhelanti

154 2227 259 2264 Haec
291 2228 496 2275 condones,
527 2228 612 2264 illas
647 2227 776 2275 doneS,

892 808 944 843 45

894 1091 944 1128 50

895 1377 945 1412 55

893 1660 944 1696 60

893 1945 942 1982 65

980 296 1084 333 Sicut
1115 297 1197 342 ipse
1231 296 1369 331 docens
1401 303 1542 341 mones,

981 353 1032 391 Ut
1065 359 1099 388 et
1132 351 1279 388 lumbos
1310 350 1598 397 praecingamus

980 409 1031 446 Et
1063 410 1236 445 lucernas
1264 413 1472 445 teneamus.

982 466 1074 503 Cum
1107 466 1267 502 virtutes
1291 465 1448 501 mandas
1475 463 1620 512 quaeri,

895 523 947 559 40
981 523 1080 567 Quas
1112 521 1286 568 appellas
1318 531 1470 568 regnum
1504 520 1590 566 Dei,

977 579 1048 625 Da,
1067 579 1166 625 quod
1185 578 1305 626 iubes,
1323 583 1363 614 ut
1381 588 1619 624 quaeramus,

976 635 1026 672 Et
1058 637 1112 671 sic
1144 635 1242 683 iube,
1277 634 1377 681 quod
1409 645 1573 680 agamus.

976 693 1080 728 Inter
1111 698 1258 737 cuncta,
1291 701 1386 737 quae
1418 691 1580 738 requiro,

978 750 1103 787 Unum
1137 753 1206 792 est,
1244 748 1292 784 ad
1325 747 1424 793 quod
1457 747 1621 794 suspiro,

979 805 1089 850 Quod
1122 814 1284 851 exposco
1316 804 1526 851 speciatim,

980 863 1063 899 Hoc
1095 867 1131 898 et
1164 872 1278 908 posco
1310 860 1542 909 nominatim,

982 919 1121 956 Contra
1154 919 1278 955 carnis
1311 918 1568 963 corruptelam

979 977 1013 1013 A
1045 981 1082 1012 te
1114 974 1244 1023 flagito
1277 974 1478 1011 medelam.

983 1033 1143 1079 Propter
1173 1037 1275 1068 tuam
1310 1032 1490 1078 pietatem

977 1090 1087 1126 Dona
1118 1089 1210 1125 mihi
1239 1089 1453 1125 castitatem

978 1148 1026 1184 Et
1060 1156 1118 1182 me
1148 1147 1271 1192 ipsum
1303 1150 1338 1181 et
1370 1149 1407 1181 te
1438 1153 1563 1189 nosse,

980 1203 1083 1240 Sicut
1117 1208 1173 1239 est
1204 1203 1404 1239 humanum
1437 1211 1559 1247 posse.

979 1260 1061 1308 His,
1095 1270 1140 1297 ex
1169 1259 1303 1306 quibus
1335 1258 1487 1295 voluisti

978 1317 1043 1353 Me
1073 1317 1277 1353 secundum
1312 1326 1462 1352 carnem
1502 1314 1620 1361 nasci,

980 1374 1027 1410 Et
1061 1373 1265 1410 maioribus
1297 1373 1464 1418 ipsorum

981 1430 1217 1477 Computatis
1250 1434 1506 1466 retroversum

980 1487 1133 1524 Cunctis
1162 1492 1329 1534 praesta,
1363 1486 1465 1522 Deus
1499 1485 1619 1533 (lives,

981 1545 1103 1581 Vitam
1136 1545 1236 1580 inter
1266 1548 1349 1580 tuos
1383 1543 1496 1579 cives.

978 1603 1134 1639 Fratres
1167 1611 1269 1637 meos
1301 1604 1336 1636 et
1368 1609 1517 1635 sorores

978 1658 1048 1694 His
1075 1659 1113 1694 in
1147 1658 1254 1694 donis
1286 1655 1345 1693 fac
1377 1660 1596 1702 consortes,

980 1715 1182 1752 Parentela
1213 1714 1305 1750 mihi
1336 1713 1498 1757 iunctos,

978 1772 1152 1810 Clemens
1175 1771 1289 1816 Deus,
1319 1771 1425 1807 salva
1454 1772 1622 1806 cunctos.

976 1829 1127 1876 Omnes,
1160 1828 1223 1874 qui
1255 1827 1385 1864 fideles
1418 1826 1551 1863 vivunt

983 1886 1052 1922 Vel
1084 1885 1216 1922 fideles
1247 1884 1439 1920 obierunt.

977 1942 1215 1989 Sempiterna
1247 1940 1308 1978 fac
1338 1940 1463 1986 quiete

975 1999 1069 2036 Frui
1101 2001 1181 2035 sine
1210 2002 1311 2035 meta
1342 2001 1477 2034 metae.

977 2057 1035 2094 Sit
1066 2057 1146 2093 laus
1177 2055 1279 2101 patri
1311 2054 1542 2099 sempiterno

973 2113 1148 2159 Filioque
1180 2116 1392 2158 coaeterne,

976 2169 1075 2208 Tibi.
1108 2168 1245 2205 flamen
1275 2167 1484 2213 utriusque,

894 2228 944 2265 70
979 2227 1080 2263 Laus
1112 2226 1159 2261 sit
1193 2236 1311 2271 aequa
1343 2234 1425 2260 cum
1446 2227 1621 2269 utroque.

147 2327 373 2370 Beaugendre
391 2327 456 2359 col.
485 2325 581 2359 1558.
600 2345 644 2348 —
661 2327 739 2368 Vgl.
759 2327 820 2358 das
838 2335 899 2358 zur
917 2325 1224 2368 vorhergehenden
1242 2326 1407 2356 Nummer
1425 2323 1624 2356 Bemerkte.

404 2507 486 2543 508.
522 2506 579 2549 (Sa
619 2506 762 2543 Oratio
790 2506 839 2541 ad
865 2506 1046 2541 sanctam
1072 2505 1256 2540 Mariam.

169 2602 198 2640 Ο
233 2606 363 2639 sancta
395 2603 501 2648 virgo
532 2602 732 2649 virginum,

169 2659 272 2704 Quae
303 2659 464 2705 genuisti
497 2659 711 2704 Dominum,

168 2714 496 2761 Triumphatorem
527 2715 664 2759 zabuli,

172 2771 445 2817 Reparatorem
477 2771 630 2819 saeculi,

922 2603 958 2638 2.
990 2601 1071 2647 Ego
1102 2606 1281 2647 peccator
1312 2599 1464 2635 nimium

990 2658 1024 2694 A
1053 2662 1091 2693 te
1122 2667 1238 2704 posco
1270 2656 1492 2702 remedium,

990 2714 1084 2750 Esto
1116 2719 1278 2760 patrona
1309 2712 1458 2758 misero,

989 2770 1098 2807 Salus
1129 2776 1240 2817 atque
1274 2767 1455 2806 defensio.
