1785 3111
651 114 707 118 —
766 91 848 131 243
893 114 962 122 .—

542 205 793 244 Hermaehora,
819 205 879 237 diu
905 208 1023 247 optato

588 261 651 282 nos
678 251 795 282 refove
820 250 959 293 gaudio,

541 297 590 329 Ut
615 296 750 328 colatur
775 295 862 328 haec
887 300 1009 327 sancta
1034 304 1066 327 te

586 346 769 383 praesente
795 342 954 374 ecelesia.

17 418 48 460 6,
82 418 104 451 4
127 430 268 462 germen
293 421 512 462 gignentium
536 421 642 455 HIK:
675 431 785 463 genus
809 421 1007 463 gigantium
1032 421 1073 459 D,
1099 421 1304 461 gygantium
1330 420 1368 450 B.
1397 435 1438 439 —
1473 419 1539 452 Str.
1567 417 1586 449 7

16 466 87 498 und
111 464 133 499 8
149 465 350 507 umgestellt
365 465 621 498 BCDEFHIK.
639 485 684 488 —
708 465 739 505 7,
768 465 784 498 1
803 467 853 498 Ae
870 468 907 497 in
923 472 1016 497 terra
1032 466 1138 497 fontis
1156 466 1205 505 D,
1234 466 1312 496 Hae
1329 467 1466 496 interna
1483 465 1526 496 E.
1548 483 1587 486 —-

17 511 48 550 7,
73 509 95 543 2
120 514 374 543 sacramentum
399 514 602 552 mysterium
627 512 669 543 E.
695 529 739 533 —-
763 510 796 550 8,
823 510 839 543 1
866 512 1035 543 abborum
1060 511 1103 542 D.
1129 528 1174 532 --
1198 508 1231 549 8,
1256 508 1277 542 3
1301 510 1450 542 recentis
1475 510 1517 542 E.
1546 527 1588 532 —

17 558 85 590 Str.
112 556 132 589 9
156 557 245 588 fehlt
267 556 340 589 AG.
358 573 401 578 -—
426 555 458 595 9,
486 556 501 588 l
529 558 576 589 Et
600 558 749 590 laetetur
770 557 875 589 BDE.
894 574 938 578 ——
965 555 996 595 9,
1021 554 1042 588 3
1058 557 1105 588 Et
1130 556 1283 598 profectu
1304 556 1348 594 C;
1375 557 1526 587 renastis
1546 557 1588 587 D.

110 602 288 645 „sabbato
314 606 434 634 sancto
460 603 504 634 ad
528 602 678 635 fontem“
706 604 752 644 B;
786 604 955 644 „Letania
979 602 1023 633 ad
1049 603 1261 643 baptismum
1283 603 1320 633 in
1345 600 1513 633 sabbat&
1544 600 1588 640 C,

19 650 170 688 „Versus
195 648 239 680 ad
264 649 531 689 processionem,
557 659 647 690 quae
671 648 709 680 fit
734 648 777 680 ad
802 649 931 681 fontem
950 647 1223 679 benedicendum
1241 648 1278 678 in
1295 647 1420 688 vigilia
1439 646 1589 688 paschae

17 699 52 727 et
82 691 321 736 pentecostes“
355 693 396 726 G.
429 711 474 715 —
506 695 584 726 Von
609 694 809 732 Diimmler,
841 695 956 725 Neues
983 692 1116 724 Archiv
1139 693 1207 730 IV,
1241 690 1307 724 542
1342 696 1443 724 unter
1469 693 1528 724 Nr.
1555 693 1587 724 X

16 743 118 772 unter
142 740 305 780 Ratperts
330 739 525 772 Gediehten
549 739 764 782 aufgefiihrt:
800 740 877 779 „bei
903 739 1068 770 Canisius
1093 739 1134 776 V,
1167 736 1250 776 7453
1288 737 1417 769 Daniel
1442 739 1467 775 I,
1503 736 1587 770 260:

15 787 120 818 Mone
133 787 161 825 I,
177 781 243 817 183
254 782 431 824 (woselbst
444 795 480 816 es
494 786 639 825 Ratpert
653 785 914 827 abgesprochen
927 781 1063 824 wird);‘·'
1079 784 1206 816 ebenso
1221 794 1290 814 von
1300 783 1446 815 Scherer
1461 784 1494 816 S.
1508 781 1583 815 134.

1305 2885 1372 2918 16*
