1785 3111
133 383 173 423 1.

134 672 160 711 [Ο

464 269 541 304 311.
578 269 656 315 (1.1
674 269 817 306 Oratio
849 269 899 306 ad
924 269 1097 306 Matrem
1123 269 1298 305 Domini,

206 382 236 420 O
267 381 395 420 Maria
425 381 600 431 gloriosa,

207 439 312 476 16556
343 439 472 485 proles
503 449 699 486 generosa,

207 496 284 533 Per
314 505 424 542 quem
449 494 521 532 fuit
542 506 642 533 mors
667 495 846 533 damnata

205 553 332 600 Atque
363 552 442 590 vita
472 556 665 599 reparata.

167 702 175 711 .
206 672 323 719 Virgo
354 681 504 718 semper
535 672 713 722 pretiosa,

207 729 331 776 Super
360 739 488 766 omnes
519 728 704 775 speciosa,

208 787 328 825 Stella
358 785 485 835 maris,
521 785 616 822 caeli
646 788 770 832 porta,

206 843 266 880 Ex
297 854 371 890 qua
400 843 540 880 mundo
571 842 636 879 lux
664 845 720 879 est
741 845 837 879 orta.

209 961 409 1008 Templum
445 971 594 998 sacrum
628 960 844 1005 salvatoris,

207 1017 413 1066 Refugium
444 1018 672 1067 peccatoris,

206 1075 344 1114 Mundi
376 1075 492 1124 salus,
524 1086 625 1113 mors
656 1074 819 1122 peccati,

207 1132 351 1171 Summi
383 1131 486 1170 facta
516 1142 656 1179 parens
687 1131 781 1171 nati.

168 1283 176 1291 .
208 1253 311 1299 Quae
340 1251 458 1288 filium
490 1251 608 1289 habes
636 1261 776 1301 regem,

210 1310 280 1361 Qui
313 1309 479 1346 divinam
512 1308 619 1345 dedit
649 1308 784 1355 legem.

209 1367 267 1403 Tu
297 1369 430 1411 mater,
463 1370 504 1402 tu
535 1376 674 1412 sponsa
706 1363 794 1412 Dei,

209 1423 289 1460 Mei
319 1422 500 1460 miserere
531 1422 599 1460 rei.

168 1572 176 1581 .
208 1542 266 1580 De
298 1541 470 1580 convalle
499 1541 757 1587 lacrimarum,

210 1600 370 1637 Pressus
401 1598 500 1635 mole
530 1601 786 1645 peccatorum,

209 1656 273 1694 Ad
302 1658 341 1692 te
373 1655 505 1703 clamo,
538 1655 644 1702 virgo
671 1655 747 1703 pia,

212 1712 272 1750 Sis
302 1712 397 1749 mihi
429 1711 505 1749 dux
533 1717 647 1759 atque
679 1712 750 1750 via.

211 1833 328 1879 Quem
360 1835 412 1876 tu,
444 1831 660 1881 benedicta,
692 1831 806 1880 regis,

211 1889 399 1927 Observat
429 1893 634 1936 praecepta
666 1889 772 1935 legis,

210 1946 334 1983 Deum
365 1950 480 1995 amat,
512 1946 634 1983 Deum
666 1945 800 1994 credit,

211 2002 423 2050 Numquam
456 2001 504 2040 ab
535 2003 601 2040 illo
633 2002 792 2040 recedit.

175 2151 183 2160 .
215 2123 330 2172 Rege,
364 2133 517 2170 quaeso,
549 2133 608 2158 me
638 2123 830 2171 miserum,

217 2179 465 2217 Sanctissima
495 2179 706 2229 mulierum,

215 2236 269 2274 Ut
301 2235 453 2273 divinae
484 2247 628 2273 memor
658 2236 753 2283 legis

216 2293 293 2330 Sim
325 2292 375 2329 ad
407 2293 506 2331 velle
536 2293 662 2340 magni
694 2292 805 2339 regis.

176 2443 185 2452 .
218 2413 290 2459 Qui
321 2423 391 2459 per
421 2423 525 2448 suam
557 2411 753 2448 caritatem

217 2471 393 2508 Praestet
424 2469 516 2505 mihi
548 2468 777 2516 castitatem,

214 2527 267 2565 Ut
298 2526 460 2564 mundus
491 2525 538 2563 ab
571 2525 671 2562 omni
703 2524 816 2563 sorde

217 2583 330 2620 Hunc
362 2583 518 2630 diligam
550 2593 645 2629 puro
675 2582 802 2619 corde.

961 382 998 421 9.

1031 381 1118 427 Hie,
1152 381 1257 418 cuius
1290 385 1347 418 est
1378 391 1529 428 semper
1560 391 1655 427 esse,

1032 437 1123 482 Scit,
1157 438 1248 485 quid
1276 438 1365 474 mihi
1400 438 1447 475 sit
1479 447 1656 486 necesse3

1030 495 1157 532 Meam
1189 496 1259 531 scit
1291 494 1562 545 infirmitatem,

1031 551 1150 597 Quam
1183 556 1289 589 sanet
1323 562 1392 598 per
1422 552 1617 598 pietatem.

924 672 988 711 10.
1022 671 1092 708 Est
1125 670 1218 707 haec
1250 680 1334 706 mea
1365 669 1570 708 infirmitas

934 960 999 998 11.

931 1250 995 1288 12.

932 1541 997 1579 13.

933 1831 999 1869 14.

940 2410 1005 2448 16.

1035 728 1238 765 Peccatum
1269 730 1305 762 et
1336 726 1528 773 iniquitas.

1036 783 1205 821 Cicatrix
1237 783 1311 820 mei
1343 783 1510 821 vulneris

1035 839 1247 879 Obduratio
1279 840 1446 878 sceleris

1032 959 1171 997 Morbo
1204 960 1351 1006 peccati
1382 960 1556 1006 langueo,

1031 1016 1102 1062 Qui
1134 1027 1194 1054 me
1226 1020 1346 1062 curet,
1378 1026 1452 1053 non
1484 1016 1619 1063 habeo,

1033 1073 1121 1111 Sola
1152 1073 1325 1110 misereri
1357 1073 1429 1109 mei

1030 1130 1163 1167 Potest
1196 1130 1386 1168 medicina
1423 1130 1507 1168 Dei.

1029 1249 1195 1286 Peccans
1228 1250 1359 1295 corde,
1399 1260 1561 1296 peccans
1594 1260 1660 1288 ore

1027 1306 1183 1344 Recessi
1215 1318 1235 1343 a
1269 1311 1452 1355 creatore,

1027 1362 1103 1400 Sed
1136 1373 1315 1400 succurre
1347 1363 1436 1400 mihi
1469 1373 1545 1412 reo,

1028 1420 1155 1457 Mater
1186 1420 1276 1469 eius,
1308 1424 1440 1458 sancta
1473 1420 1591 1468 virgo.

1030 1539 1108 1577 Fac
1140 1539 1231 1575 mihi
1265 1536 1396 1590 [hunc]
1431 1540 1653 1588 propitium,

1029 1597 1144 1643 Quem
1177 1596 1340 1643 genuisti
1368 1595 1499 1643 filium,

1029 1655 1105 1691 Pro
1136 1663 1195 1689 me
1226 1653 1328 1699 apud
1358 1653 1480 1690 16511111
1514 1665 1580 1691 ora

1030 1710 1080 1747 Et
1112 1720 1291 1747 succurre
1323 1710 1404 1746 51116
1435 1722 1552 1749 mora.

1030 1829 1102 1877 Qui
1134 1829 1339 1876 assumpsit
1371 1839 1416 1866 ex
1439 1834 1476 1866 te
1500 1840 1665 1880 carnem,

1030 1886 1223 1924 Exaudiet
1254 1890 1356 1923 tuam
1389 1897 1565 1934 precem3

1031 1943 1138 1980 Nihil
1170 1942 1239 1979 tibi
1271 1943 1487 1990 denegabit,

1031 2002 1147 2048 Quem
1179 2000 1347 2037 mamilla
1379 2005 1443 2037 tua
1474 2000 1579 2046 pavit

994 2149 1001 2158 .
1035 2119 1085 2156 Et
1118 2119 1177 2155 cui
1207 2119 1308 2155 inter
1340 2118 1526 2156 cunabula

1037 2176 1137 2213 Cara
1172 2175 1312 2212 dedisti
1344 2175 1495 2223 oseula3

1034 2232 1229 2278 Quidquid
1257 2232 1363 2268 illum
1396 2232 1567 2280 petieris,

1032 2289 1248 2335 Impetrare
1281 2287 1355 2338 [tu]
1390 2289 1550 2336 poteris.

1038 2409 1142 2446 Deus
1174 2418 1270 2456 puer
1301 2419 1345 2445 ex
1377 2412 1414 2445 te
1446 2412 1555 2446 natus

1034 2466 1084 2503 Et
1117 2464 1218 2502 filius
1249 2465 1358 2502 nobis
1393 2465 1503 2502 datus

1036 2522 1198 2560 Mundet
1230 2533 1296 2559 sua
1329 2523 1473 2568 pietate

1035 2579 1100 2616 Me
1132 2578 1232 2615 omni
1262 2578 1476 2625 iniquitate.

196 2707 310 2748 Opera
346 2717 408 2738 ms.
452 2706 599 2739 Goffridi
636 2705 867 2736 Vindocinen.
905 2714 996 2736 saeC.
1036 2701 1087 2734 1⁵2.
1127 2701 1208 2734 Cod.
1249 2702 1509 2746 Cenomannen.
1548 2699 1607 2737 (Ol.
1648 2710 1675 2732 5.

104 2748 200 2783 Petri
225 2751 267 2783 de
285 2752 442 2791 Cultura)
470 2749 533 2783 130
557 2751 615 2783 fol.
644 2750 684 2782 19
711 2752 744 2782 b.
763 2768 803 2772 —
823 2746 987 2782 Sirmond
1012 2749 1034 2780 1.
1061 2759 1088 2779 c.
1108 2745 1174 2780 316
1193 2756 1270 2790 sqq.
1288 2764 1332 2768 —-
1352 2747 1382 2785 δ’,
1409 2744 1429 2778 3
1450 2746 1495 2777 Ε1
1514 2745 1672 2777 mundus.

105 2813 150 2818 —
177 2795 229 2835 16,
254 2795 276 2828 4
300 2798 356 2829 Me
382 2798 425 2829 ab
451 2799 555 2829 omni.
