1785 3111
719 39 1030 80 -487—

203 153 241 190 5.
294 152 439 189 Venter
483 151 582 187 enim
632 155 718 189 tuus
761 154 938 201 gaudium
982 154 1135 200 habuit,
1184 166 1266 192 cum
1314 155 1434 192 omnis
1481 155 1654 192 caelestis

90 207 316 256 symphonia
348 208 395 245 de
425 211 463 244 te
493 208 631 254 sonuit,
664 209 753 256 quia
784 210 890 258 virgo
921 210 1039 248 tilium
1072 212 1144 249 Dei
1177 212 1361 261 portasti;
1403 211 1468 249 ubi
1499 212 1655 250 castitas

86 269 155 303 tua
181 264 221 301 in
252 264 334 302 Deo
366 264 515 303 claruit.

205 323 243 360 6.
290 321 447 359 Viscera
487 325 552 373 tua
592 322 770 369 gaudium
812 323 1026 362 habuerunt
1062 324 1159 362 sicut
1188 336 1365 373 gramen,
1407 335 1523 373 super
1553 325 1654 372 quod

91 388 153 415 ros
185 377 300 426 cadit,
334 388 418 415 cum
451 377 485 415 ei
516 378 752 416 viriditatem
783 380 936 428 infudit,
969 385 1011 418 ut
1041 385 1077 418 et
1108 382 1205 419 inte
1228 381 1368 420 factum
1389 386 1458 433 est,
1490 393 1511 419 o
1532 386 1655 421 mater

86 435 206 472 omnis
237 435 378 481 gaudii.

204 492 239 529 7.
287 491 398 529 Nunc
430 491 551 528 omnis
583 492 745 530 ecclesia
774 493 813 530 in
844 493 983 541 gaudio
1016 494 1145 531 rutilet
1169 494 1272 531 acin
1294 496 1522 543 symphonia
1544 499 1652 533 sonet

88 551 249 595 propter
280 548 538 586 dulcissimam
570 548 753 596 virginem
786 554 823 587 et
844 550 1076 588 laudabilem
1100 551 1276 600 Mariam,
1309 552 1381 589 Dei
1409 553 1652 600 genetricem.

85 605 220 644 Amen.

437 748 519 784 329.
556 747 613 791 (6.)
649 749 824 793 Hymnus
850 749 897 784 de
925 749 1074 786 Sancto
1101 750 1295 786 Matthia.

205 854 242 892 1.
288 853 486 902 Matthias,
514 858 666 891 sanctus
688 865 758 901 per
780 855 1014 902 electionem,
1039 855 1097 892 vir
1118 856 1327 902 praeliator
1346 867 1415 903 per
1437 858 1650 904 victoriam,

85 913 173 948 ante
213 911 432 957 sanguinem
473 911 559 957 agni
601 911 822 948 electionem
854 922 928 948 non
960 912 1114 963 habuit,
1159 913 1226 950 sed
1258 914 1390 951 tardus
1422 914 1460 951 in
1491 915 1652 953 scientia

85 965 158 1004 fuit
188 967 296 1013 quasi
327 967 450 1013 homo,
483 968 547 1014 qui
579 967 750 1014 perfecte
780 979 852 1005 non
886 969 1029 1016 vigilat.

195 1025 234 1062 2.
281 1023 431 1061 Donum
471 1022 544 1062 Dei
586 1024 693 1062 illum
735 1025 938 1075 excitavit,
984 1026 1085 1063 unde
1125 1026 1208 1073 ipse
1240 1038 1332 1073 prae
1373 1028 1512 1075 gaudio
1553 1029 1652 1066 sicut

80 1080 186 1128 gigas
206 1080 245 1117 iu
267 1080 410 1118 viribus
432 1081 510 1117 suis
532 1082 711 1128 surrexit,
743 1082 830 1129 quia
852 1082 955 1120 Deus
976 1082 1083 1119 illum
1105 1084 1297 1130 praevidit
1323 1084 1421 1121 sicut
1444 1085 1643 1136 hominem,

81 1147 191 1184 quem
233 1137 280 1174 de
321 1138 410 1175 limo
454 1136 656 1186 formavit,
699 1150 782 1177 cum
818 1140 964 1185 primus
1005 1140 1160 1186 angelus
1203 1141 1365 1190 cecidit,
1413 1142 1476 1189 qui
1517 1142 1641 1180 Deum

81 1194 246 1241 negavit.

197 1252 234 1289 3.
282 1251 425 1298 Homo,
465 1252 529 1298 qui
571 1252 793 1289 electionem
825 1252 942 1302 vidit,
986 1263 1077 1302 vae,
1121 1264 1210 1302 vae,
1255 1255 1416 1301 cecidit;
1460 1254 1575 1292 boves
1609 1259 1646 1292 et

81 1308 220 1345 arietes
260 1307 414 1355 habuit,
457 1309 525 1346 sed
566 1307 703 1346 faciem
744 1320 849 1346 suam
890 1310 937 1346 ab
981 1310 1034 1346 eis
1075 1314 1283 1347 retrorsum
1327 1312 1433 1349 duxit
1475 1317 1513 1349 et
1555 1313 1647 1350 illos

83 1364 239 1403 dimisit.

196 1426 234 1461 4.
281 1421 393 1459 Unde
435 1420 584 1459 foveam
626 1421 829 1459 carbonum
868 1423 1009 1460 invasit
1049 1427 1086 1460 et
1128 1423 1320 1461 desideria
1358 1436 1426 1462 sua
1453 1426 1646 1463 osculatus

81 1478 120 1515 in
152 1478 278 1515 studio
309 1489 376 1515 suo
406 1478 511 1515 illam
543 1479 641 1515 sicut
672 1479 874 1526 Olympum
906 1481 1041 1518 erexit.

196 1537 232 1573 5.
281 1535 387 1572 Tunc
408 1535 594 1573 Matthias
626 1546 696 1582 per
727 1536 948 1573 electionem
982 1537 1193 1574 divinitatis
1216 1538 1312 1574 sicut
1335 1538 1439 1585 gigas
1463 1540 1641 1589 surrexit,

81 1592 168 1639 quia
199 1592 302 1629 Deus
342 1592 450 1628 illum
491 1593 617 1639 posuit
656 1592 694 1629 in
736 1593 882 1640 locum,
925 1604 1033 1640 quem
1072 1595 1245 1640 perditus
1277 1595 1386 1633 homo
1418 1597 1551 1634 noluit.
1614 1597 1644 1635 Ο

79 1648 257 1686 mirabile
288 1649 526 1699 miraculum,
561 1650 662 1696 quod
694 1650 749 1686 sic
780 1650 818 1686 in
849 1650 917 1687 illo
949 1650 1207 1697 resplenduit!

194 1708 232 1745 6.
282 1706 384 1743 Deus
428 1706 526 1743 enim
559 1706 682 1753 ipsum
714 1707 905 1753 praevidit
935 1707 972 1744 in
1004 1708 1196 1744 miraculis
1228 1708 1330 1757 suis,
1364 1719 1447 1745 cum
1479 1710 1646 1748 nondum

77 1761 241 1800 haberet
285 1763 460 1800 meritum
503 1763 758 1809 operationiS,
801 1764 868 1801 sed
910 1765 1133 1811 mysterium
1175 1765 1248 1802 Dei
1288 1766 1327 1802 in
1368 1766 1435 1802 illo
1466 1767 1645 1813 gaudium

78 1818 224 1867 habuit,
257 1820 358 1866 quod
390 1819 491 1857 idem
523 1830 593 1866 per
623 1820 900 1857 institutionem
931 1832 1035 1858 suam
1068 1832 1142 1858 non
1174 1822 1350 1861 habebat.

195 1877 231 1914 ’7.
277 1876 307 1914 O
330 1876 508 1922 gaudium
530 1877 767 1923 gaudiorum,
801 1877 901 1923 quod
923 1877 1025 1915 Deus
1047 1879 1102 1914 sic
1124 1884 1316 1928 operatur,
1350 1890 1432 1916 cum
1461 1880 1646 1917 nescienti

78 1932 222 1970 homini
254 1933 413 1979 gratiam
443 1944 547 1970 suam
578 1933 765 1979 impendit
797 1934 864 1980 ita,
897 1935 997 1981 quod
1028 1936 1209 1982 parvulus
1234 1937 1366 1985 nescit,
1400 1936 1465 1973 ubi
1487 1948 1645 1984 magnus

77 1990 198 2039 volat,
232 1990 337 2027 cuius
368 1989 448 2027 alas
479 1990 581 2027 Deus
612 1990 773 2036 parvulo
804 1991 951 2031 tribuit,

195 2047 233 2085 8.
280 2046 384 2083 Deus
425 2046 522 2084 enim
565 2050 714 2094 gustum
752 2048 790 2084 in
820 2047 888 2084 illo
919 2048 1047 2096 habet,
1080 2049 1144 2099 qui
1176 2049 1339 2095 seipsum
1374 2051 1515 2099 nescit,
1557 2051 1646 2097 quia

78 2114 153 2141 vox
187 2103 267 2140 eius
298 2104 348 2141 ad
379 2103 502 2141 Deum
534 2104 694 2151 clamat,
733 2104 831 2141 sicut
861 2105 1028 2142 Mathias
1061 2104 1174 2154 fecit,
1219 2106 1281 2152 qui
1315 2106 1433 2144 dixit:
1465 2107 1494 2145 Ο
1526 2107 1643 2155 Deus,

78 2159 185 2198 Deus
216 2170 334 2207 meus,
367 2160 431 2207 qui
462 2171 521 2198 me
553 2161 704 2207 creasti,
737 2161 863 2198 omnia
894 2172 1011 2207 opera
1041 2173 1125 2199 mea
1158 2166 1220 2198 tua
1252 2167 1349 2199 sunt.

200 2219 238 2256 9.
285 2217 396 2254 Nunc
434 2228 523 2264 ergo
563 2218 727 2266 gaudeat
758 2218 878 2255 omnis
910 2218 1072 2256 ecclesia
1102 2219 1139 2255 in
1170 2219 1358 2269 Matthia,
1401 2230 1510 2266 quem
1541 2220 1644 2258 Deus

77 2273 117 2310 in
152 2272 337 2311 foramine
369 2273 566 2311 columbae
597 2274 651 2310 sic
682 2274 808 2321 elegit.
869 2276 1005 2312 Amen.

401 2473 484 2509 330.
521 2474 579 2516 (7.)
615 2473 835 2517 Sequentia
864 2474 910 2508 de
937 2473 1085 2511 Sancto
1112 2475 1323 2513 Disibodo.

195 2591 230 2630 1.
278 2591 308 2629 Ο
349 2591 503 2638 praesul
545 2601 657 2628 verae
700 2590 888 2637 civitatis,
932 2591 995 2638 qui
1035 2593 1073 2629 in
1105 2593 1247 2641 templo
1277 2595 1468 2641 angularis
1500 2595 1639 2641 lapidis

78 2646 286 2684 ascendens
317 2648 357 2685 in
388 2648 533 2685 caelum
565 2648 602 2685 in
634 2652 736 2684 terra
768 2651 982 2694 prostratus
1014 2648 1120 2686 fuisti
1150 2648 1311 2697 propter'
1341 2651 1476 2689 Deum.

192 2704 229 2741 2.
277 2704 334 2741 Tu
365 2705 586 2752 peregrinus
618 2716 640 2741 a
671 2704 813 2741 semine
844 2705 974 2742 mundi
999 2705 1226 2744 desiderasti
1249 2708 1355 2744 exsul
1375 2707 1459 2744 fieri
1480 2712 1640 2754 propter

77 2768 242 2796 amorem
273 2759 430 2799 Christi.
