1785 3111
773 55 1080 96 ——356—

175 178 251 214 3a.
283 175 412 211 Timor
443 171 608 216 Domini,

290 230 421 267 iudicii
454 228 632 276 claviger,

292 287 444 323 Summo
475 284 592 321 iudici

292 354 359 379 nos
390 345 621 389 prosternat,

290 401 472 436 hactenus

289 455 440 492 inflatos
472 459 510 491 et
540 453 703 490 rebelles

289 512 428 549 reddat
459 510 651 557 supplices

288 579 333 606 ac
362 568 501 615 spiritu
532 577 730 613 pauperes,

173 651 197 688 4
216 660 250 687 a.
284 648 411 686 Clavis
441 647 563 693 pietas
596 645 737 683 Christi

287 704 495 742 scansionis

288 761 455 808 peccatis

289 818 428 855 nostris
460 815 678 853 adversanti

285 875 362 921 legi

292 932 407 968 donet
438 933 722 966 consentaneos

289 1009 363 1046 Det
394 1007 553 1044 scientia

292 1064 515 1111 resurgendi
547 1063 697 1101 conscia

294 1122 365 1159 His
398 1121 637 1169 paraclitum,

291 1179 353 1226 qui
385 1178 525 1225 lugent,
556 1180 599 1214 ut
628 1176 839 1212 liberentur

289 1235 420 1272 mortis
451 1244 623 1280 corpore,

291 1293 390 1338 quod
422 1294 608 1339 repugnat
638 1289 797 1326 animae.

181 1012 255 1048 5a.

179 1374 201 1410 6
220 1382 255 1410 a.
287 1371 357 1416 Qui
388 1370 558 1407 esuriunt
588 1369 782 1418 iustitiam,

292 1429 359 1464 hos
391 1425 576 1464 fortitudo
607 1426 765 1470 reficiat,

292 1484 433 1523 Christi
466 1483 648 1520 tumulum
681 1481 895 1527 recludens,

293 1551 389 1589 quae
419 1540 692 1585 scandalizant,

292 1597 460 1635 membra
491 1596 664 1646 proiciat,

295 1665 430 1701 panem
463 1654 613 1700 rogitet.

181 1729 200 1767 7
221 1740 253 1767 a.
286 1728 519 1776 Intellectus,

292 1784 530 1830 baptismatis

294 1841 535 1887 dissignator,

180 1918 258 1955 Sa.
291 1914 402 1952 Unde
436 1913 553 1949 Deum
595 1916 729 1960 rogent

294 1970 580 2017 mundicordes,

181 2047 204 2083 9
223 2057 257 2083 a.
290 2043 505 2081 Similitudo

294 2101 415 2148 patris
448 2099 615 2146 pacificis

297 2158 420 2194 Detur
447 2157 595 2205 spiritu,

296 2214 359 2260 qui
393 2214 460 2250 dat
491 2223 636 2260 sapere,

296 2271 360 2318 qui
392 2270 542 2307 Domini
574 2269 697 2316 aperit
726 2269 866 2317 natale,

155 2346 206 2382 10
225 2355 259 2383 a.
290 2344 360 2381 His
392 2343 608 2380 muneribus

295 2400 500 2436 cumulavit

294 2460 424 2503 patres
456 2456 525 2492 Dei
564 2456 725 2503 digitus:

295 2513 420 2550 Adam
452 2512 603 2549 nomina

296 2568 489 2616 primitiva

296 2625 408 2662 rebus
440 2626 583 2661 cunctis

294 2682 487 2728 imposuit,

297 2738 506 2784 inspiratus

298 2795 397 2832 dono
427 2794 657 2843 sapientiae,

992 169 1070 208 3b.

1103 169 1215 216 Legis
1246 169 1393 214 apicem

1104 230 1142 262 et
1171 226 1251 262 iota
1282 236 1354 261 non
1386 225 1546 271 solvere,

1106 282 1236 320 Fratri
1267 286 1408 317 temere

1104 350 1178 375 non
1209 338 1323 375 irasci

1105 395 1163 432 vel
1195 395 1297 432 laeso

1105 463 1192 488 mox
1224 451 1475 496 reconciliari,

1103 514 1274 545 sanctum
1305 507 1388 544 fieri

1106 575 1218 601 orans
1249 575 1383 601 nomen
1416 562 1578 601 Domini.

993 643 1070 682 4b.
1100 644 1340 690 Adaperiens
1371 654 1507 680 novum

999 1005 1076 1043 5b.

995 1367 1074 1407 6b.

999 1724 1076 1763 7b.

998 1913 1077 1953 Sb.

997 2042 1074 2082 9b.

971 2342 1075 2384 10b.

1105 705 1370 737 testamentum

1106 757 1266 793 heredes

1105 814 1226 860 patris
1258 812 1395 849 formet
1425 813 1547 860 mites,

1108 874 1225 919 petat,

1107 927 1178 963 Dei
1217 937 1369 973 regnum
1404 927 1542 965 veniat.

1110 1006 1234 1044 Pellat
1270 1007 1382 1042 etiam

1107 1074 1130 1099 a
1162 1063 1275 1099 corde
1305 1063 1504 1111 luxuriam,

1108 1119 1186 1155 Nos
1218 1120 1395 1155 erudiens

1107 1174 1291 1222 flagitare,
1325 1181 1364 1212 ut
1396 1176 1569 1212 voluntas

1107 1231 1173 1269 fiat
1205 1232 1356 1269 Domini

1108 1292 1184 1325 tam
1216 1300 1329 1325 carne
1359 1300 1470 1335 quam
1501 1288 1652 1339 spiritu.

1106 1368 1215 1405 Dono
1243 1369 1354 1415 parili
1386 1369 1584 1405 consilium

1109 1426 1374 1462 misericordes
1407 1429 1633 1473 remuneret,

1111 1482 1269 1520 Crucem
1302 1493 1473 1519 reserans
1504 1485 1634 1520 exoret

1109 1550 1179 1585 pro
1210 1539 1385 1586 inimicis,

1111 1595 1250 1631 dimitti
1284 1596 1412 1632 debita

1111 1656 1223 1698 pacto
1259 1654 1436 1698 postulet.

1109 1726 1271 1762 Mundet
1303 1726 1429 1772 corda,

1109 1786 1150 1818 ut
1186 1784 1329 1819 nesciat

1111 1839 1282 1876 dextram
1315 1841 1436 1877 laeva.

1108 1914 1151 1950 In
1183 1914 1469 1960 temptationem

1109 1980 1156 2006 ne
1188 1970 1356 2009 inducat.

1108 2043 1231 2080 Ducat
1262 2046 1310 2081 ad
1345 2045 1459 2081 vitam

1109 2099 1206 2136 viam
1239 2112 1308 2146 per
1341 2102 1499 2138 arduam

1110 2158 1184 2194 Per
1215 2157 1366 2204 ieiunia,

1109 2214 1375 2261 elemosynam,

1112 2281 1264 2307 oramen
1295 2283 1315 2307 a
1347 2271 1445 2308 malo
1476 2271 1670 2309 liberatos.

1109 2343 1191 2380 Noe
1222 2344 1350 2381 habuit

1107 2399 1357 2442 intellectum,

1107 2457 1302 2494 Abraham
1332 2458 1540 2504 consilium,

1106 2513 1234 2550 Fortis
1265 2515 1373 2551 Isaac

1106 2571 1367 2617 permanebat,

1113 2627 1229 2662 scitus
1261 2627 1373 2664 Iacob

1115 2687 1150 2718 et
1182 2683 1334 2729 Moyses

1112 2739 1308 2786 legislator

1112 2796 1209 2842 pius,
1241 2796 1367 2833 David
1398 2796 1560 2834 humilis
