1785 3111
126 195 163 232 5.
212 193 380 230 Primum
410 192 512 228 lucet
542 192 715 241 vitreum,

264 249 302 285 in
334 259 407 295 quo
436 252 710 295 perscrutatur,

209 306 253 343 In
285 305 454 342 subiecto
484 305 647 351 qualiter

266 359 389 398 forma
418 361 633 409 maritatur,

206 417 304 465 Quid
336 418 469 455 miscet
499 418 688 455 concretio

264 478 300 510 et
331 475 422 521 quid
454 475 687 522 immutatur,

205 531 302 578 Quid
333 531 474 578 perdit,
507 532 599 578 quid
629 535 785 578 generat

262 591 298 624 et
329 588 420 634 quid
451 592 668 637 generatur.

124 749 162 786 6.
207 746 268 784 Ex
299 751 456 794 argento
487 747 682 793 speculum

263 803 368 840 aliud
400 804 606 850 candescit,

208 860 283 899 Hic
314 860 526 898 subiectum
559 860 756 906 prospicit.

266 917 453 963 quomodo
485 917 658 963 quiescit,

208 973 259 1011 Ut
292 984 351 1010 res
384 972 505 1010 forma
534 973 658 1011 indita

263 1028 447 1066 fluctuare
478 1031 611 1077 nescit,

204 1086 346 1124 Forma
378 1097 460 1123 cum
491 1086 740 1133 abstrahitur,

262 1154 358 1190 pura
388 1143 609 1182 iuvenescit,

122 1303 157 1340 7.
203 1301 373 1338 Tertium
404 1302 491 1338 hinc
522 1301 715 1348 speculum

260 1369 352 1395 auro
384 1359 604 1407 depuratur,

204 1414 357 1452 Meliori
390 1416 516 1461 specie

261 1482 321 1508 res
352 1472 414 1508 hic
444 1471 640 1518 figuratur,

206 1527 281 1564 Hic
311 1528 398 1565 idea
428 1528 566 1565 nobilis

262 1585 362 1622 Deos
409 1585 623 1633 decoratur,

211 1641 348 1692 Mundi
379 1640 472 1678 flens
505 1642 638 1679 exsilio

266 1699 376 1746 longe
409 1698 594 1736 deviatur.

123 1857 160 1895 8.
207 1855 341 1893 Fontis
372 1856 429 1892 sui
461 1857 586 1902 specie

261 1916 366 1949 caret
394 1912 603 1955 obfuscata,

207 1968 349 2006 Orbata
380 1969 582 2017 principio,

264 2031 375 2073 patre
406 2025 574 2073 viduata,

209 2082 284 2119 Res
317 2083 510 2119 terrestris
542 2082 709 2119 subiacet

263 2149 378 2176 caeno
413 2139 628 2185 deturpata,

204 2195 289 2232 Huc
320 2196 411 2232 111110
442 2196 479 2232 111
515 2194 690 2232 fluctibus

261 2252 363 2289 orbis
396 2252 554 2299 agitata.

123 2399 160 2435 9.
208 2397 270 2435 Sic
302 2397 354 2444 fit,
387 2402 427 2434 ut
459 2398 496 2434 in
529 2401 699 2444 tempore

264 2454 362 2490 veris
393 2454 574 2500 palliatur

208 2510 337 2546 Tellus
370 2511 472 2556 palla
504 2510 630 2556 viridi,

265 2570 343 2603 tota
374 2567 597 2614 picturatur.

208 2624 250 2660 In
281 2623 451 2671 parentis
483 2623 624 2668 gremio

266 2680 352 2716 dum
384 2678 452 2715 flos
485 2679 680 2716 educatur.

212 2737 328 2782 Carpi
360 2735 525 2772 nondum
559 2736 699 2771 rustica

266 2803 378 2830 manu
409 2792 649 2829 lamentatur.

866 78 949 118 552
1008 101 1064 105 ——

947 193 1010 230 10.
1058 192 1157 229 Dum
1187 191 1335 229 rixatur
1365 193 1491 239 aquilo

1114 253 1287 295 tempore
1317 248 1481 286 brumali

1057 305 1109 342 Et
1138 316 1254 352 aquas
1284 305 1499 344 incarcerat

1116 362 1280 399 claustro
1311 362 1478 409 glaciali,

1059 419 1140 456 Iam
1171 418 1369 465 exspirant
1399 419 1480 456 lilia

1111 473 1202 511 flatu
1233 474 1391 521 boreali,

1055 531 1157 568 Rosa
1187 531 1334 577 pallens
1365 532 1527 569 moritur

1112 586 1254 634 frigore
1284 589 1404 627 letali.

946 747 1011 784 11.
1059 746 1136 782 Ver
1164 750 1358 783 aeternum
1388 746 1562 792 possidet

1118 813 1231 840 eausa
1262 802 1468 849 primitiva,

1060 860 1103 896 In
1136 860 1206 896 hoc
1236 859 1356 896 sancti
1389 860 1544 906 speculo

1116 920 1249 952 cuncta
1281 916 1413 953 vident
1444 916 1542 961 viva,

1057 974 1162 1019 Quae
1193 972 1365 1009 subiecta
1395 973 1559 1019 tempori

1114 1033 1262 1067 mutant
1295 1027 1495 1078 defectiva,

1057 1085 1130 1122 Per
1160 1090 1357 1132 peccatum
1390 1086 1537 1133 stygiae

1113 1143 1246 1179 mortis
1276 1143 1482 1180 incursiva.

941 1302 1006 1339 12.
1052 1301 1126 1337 Hic
1157 1311 1238 1338 esse
1269 1301 1551 1347 phantasticum

1108 1362 1277 1395 nostrum
1309 1358 1572 1406 lamentamur,

1053 1415 1140 1452 Illic
1170 1414 1251 1451 Deo
1277 1414 1431 1461 similes,

1113 1471 1175 1507 hic
1206 1471 1475 1518 adnihilamur,

1062 1528 1147 1566 Illic
1179 1538 1260 1564 esse
1291 1528 1415 1565 verius

1116 1585 1227 1631 longe
1259 1585 1570 1633 contemplamur,

1061 1641 1136 1691 Sed
1167 1641 1228 1678 hic
1260 1651 1342 1677 esse
1372 1641 1581 1689 perdimus,

1121 1699 1233 1744 culpa
1266 1696 1535 1737 deformamur.

947 1859 1010 1895 13.
1058 1857 1161 1903 Ergo
1193 1856 1224 1892 si
1255 1867 1322 1892 nos
1355 1856 1524 1893 volumus

1115 1913 1197 1950 Deo
1230 1911 1441 1959 reformari,

1058 1970 1220 2006 Exsules
1253 1969 1456 2006 virtutibus

1118 2026 1227 2062 decet.
1257 2026 1446 2071 renovari,

1061 2083 1183 2127 Culpa
1214 2082 1439 2128 sapientiam

1117 2138 1223 2175 dedit
1254 2139 1434 2184 ignorari,

1062 2196 1210 2231 Virtute
1241 2195 1401 2231 scientia

1118 2251 1212 2298 petit
1245 2251 1467 2290 restaurari.

946 2400 1008 2436 14.
1057 2399 1175 2435 Prout
1209 2402 1264 2435 est
1295 2398 1466 2448 scientia,

1115 2455 1263 2491 demum
1295 2455 1414 2492 virtus
1445 2455 1529 2498 erit,

1055 2511 1114 2548 Ex
1147 2512 1286 2548 virtute
1319 2510 1450 2548 defluit

1114 2568 1322 2613 vitiumque
1354 2568 1454 2617 terit,

1055 2624 1198 2661 Habitu
1231 2623 1414 2672 disposita

1079 2676 1085 2681 '
1115 2684 1224 2716 extra
1254 2681 1286 2716 si
1317 2690 1357 2716 se
1389 2680 1499 2726 gerit,

1059 2737 1221 2774 Virtutis
1253 2736 1435 2784 originem

1118 2793 1259 2829 nullam
1292 2792 1364 2829 sibi
1396 2793 1556 2839 quaerit,
