1785 3111
761 70 1070 109 —252—

352 186 431 222 Nec
462 196 578 225 mora,
612 182 797 231 pestifera
827 183 1071 221 succenditur
1102 183 1236 220 efferus
1267 183 1337 229 ira,

407 243 504 279 Dum
538 241 612 278 sibi
643 240 856 287 praeripier
887 241 992 287 regia
1022 240 1105 277 iura
1137 240 1256 280 timet.

270 301 320 337 15
352 299 444 335 Mox
473 298 577 334 iubet
608 298 807 334 innocuam
839 295 941 333 ferro
974 301 1215 343 prosternere
1246 296 1397 343 plebem

406 355 584 392 Destinat
616 359 728 400 atque
760 353 843 390 neci
875 363 1037 400 corpora
1066 353 1240 391 lacteola.

352 412 536 448 Perderet
563 415 604 448 ut
637 410 843 457 Christum,
877 410 964 446 dum
996 420 1105 447 nemo
1137 410 1316 447 evaderet
1346 410 1481 455 ipsum⁷

408 468 513 504 Inter
545 472 579 504 et
611 467 829 504 innumeros
861 470 1047 503 sterneret
1077 466 1176 503 huuc
1204 477 1362 513 pueros.

232 586 335 626 Trop.
376 595 436 615 mS.
477 585 708 626 Sangallense
746 594 835 616 saec.
873 582 924 616 10.
985 584 1068 616 Cod.
1103 584 1304 625 Sangallen.
1339 581 1415 615 381.
1453 584 1489 614 A.
1526 582 1571 605 —‘
1604 585 1707 626 Trop.

140 642 202 661 ms.
229 630 456 671 Sangallense
483 640 571 661 saec.
600 628 686 661 lOl11.
736 629 818 661 Cod.
845 629 1045 671 Sangallen.
1076 627 1152 661 382.
1180 631 1216 661 Β.
1245 647 1286 651 —-
1311 630 1414 670 Trop.
1440 639 1501 659 ins.
1527 629 1710 661 Mindense

142 677 224 707 anni
250 673 347 707 1024.
397 675 481 707 eod.
507 675 707 706 Berolinen.
733 675 852 706 Theol.
880 675 930 705 IV
958 673 1009 706 11.
1037 676 1073 706 C.

238 719 277 752 10
304 724 422 752 vatum
450 720 535 751 fehlt
560 722 597 752 B.
624 738 668 742 —
696 719 733 751 11
764 721 816 751 bis
843 720 983 752 Schluss
1013 720 1129 751 fehlen
1154 721 1191 750 B.
1219 737 1261 741 ——
1290 718 1329 750 17
1356 719 1519 750 Perderet
1545 723 1577 750 et
1602 720 1639 752 C.
1667 737 1709 741 —

145 767 294 807 „Versus
321 766 522 798 eiusdem
550 767 590 797 de
616 767 726 797 natali
752 767 974 797 innocentum
1000 766 1044 797 ad
1070 765 1346 806 processionens‘
1380 765 1456 797 AB:
1493 765 1640 805 ⁷7Versus
1673 766 1710 796 in

138 813 261 854 vigilia
295 813 518 843 innocentum
545 812 588 842 ad
614 809 903 853 processionens‘.
930 812 973 849 (ἒς
1014 811 1102 842 auch
1130 812 1165 841 in
1190 811 1294 851 Trop.
1322 821 1382 841 nis.
1414 811 1594 841 Mindense
1619 821 1710 842 saec.

146 856 196 888 11.
223 859 268 888 111.
311 857 394 889 (eod.
421 857 729 896 Guelfenbyteran.
758 855 844 888 1110
870 856 1030 895 (Helmst.
1059 854 1168 895 1008),
1197 856 1248 887 als
1277 857 1426 897 „Versus
1453 855 1646 887 eiusdem
1672 857 1709 887 in

143 903 259 934 natale
293 900 551 934 innocentu1n“.
586 920 623 924 —
660 901 675 933 1
710 903 781 933 und
812 902 867 933 die
899 902 1022 933 beiden
1056 901 1201 932 Halften
1234 912 1303 933 von
1335 899 1355 932 2
1389 901 1629 933 abwechselnd
1658 901 1709 932 als

144 949 332 979 Rundreim
358 947 558 990 gebraucht.

394 1127 475 1162 190.
517 1126 576 1167 (3.)
614 1125 715 1160 Item
742 1125 916 1160 eiusdem
945 1125 992 1160 de
1019 1126 1155 1160 eadem
1181 1125 1438 1160 Festivitate.

153 1245 186 1282 1.
222 1243 313 1279 Cum
346 1247 457 1279 natus
490 1248 589 1279 esset
617 1242 813 1287 Dominus³
1005 1244 1041 1281 6.
1074 1242 1159 1278 Mas
1192 1242 1312 1278 omnis
1344 1240 1469 1278 infans
1502 1242 1652 1287 occidit,

221 1299 418 1336 Turbatur
447 1309 514 1335 rex
545 1299 777 1348 incredulus,
1073 1298 1190 1343 Quem
1220 1309 1339 1334 novus
1370 1303 1502 1344 partus
1533 1299 1704 1348 protulit,

224 1357 329 1404 Magi
361 1356 729 1401 tulerunt-munera,
1072 1354 1283 1403 Scrutatur,
1317 1355 1385 1391 ah!
1421 1355 1607 1392 cunabula

224 1416 324 1458 Quos
358 1413 470 1449 stella
504 1413 609 1449 duxit
642 1413 814 1458 praevia.
1075 1413 1131 1448 Ac
1162 1412 1246 1458 ipsa
1277 1417 1437 1448 matrum
1471 1412 1600 1452 ubera.

154 1528 190 1564 2.
224 1526 399 1563 Herodes
431 1536 497 1562 rex
530 1525 751 1572 interrogat,
1010 1526 1044 1563 7.
1079 1525 1176 1570 Quid
1210 1523 1316 1567 furis,
1351 1525 1611 1562 crudelissime

224 1583 303 1628 Quo
336 1583 512 1620 Christus
543 1583 648 1620 nasci
681 1582 832 1627 debeat,
1075 1582 1104 1619 Ο
1137 1580 1307 1618 carnifex
1340 1586 1375 1618 et
1405 1581 1596 1628 pessime?

225 1640 445 1685 Locumque
480 1639 554 1676 dici
586 1638 744 1686 flagitat,
1078 1638 1151 1675 Hic
1175 1638 1288 1683 solus,
1320 1638 1382 1684 qui
1413 1638 1632 1686 requiritur,

224 1695 277 1733 Ut
307 1696 409 1732 hunc
441 1706 579 1732 necare
611 1696 749 1734 valeat.
1079 1696 1238 1741 Impune
1270 1695 1442 1732 Christus
1474 1696 1632 1736 tollitur.

154 1811 190 1849 3.
222 1810 401 1846 Adorant
433 1809 532 1856 magi
565 1810 765 1846 Dominum
1011 1809 1047 1847 8.
1078 1809 1214 1845 Pectus
1246 1809 1424 1844 tenellum
1457 1809 1653 1857 rumpitur,

226 1866 416 1912 Viamque
449 1870 609 1912 carpunt
641 1866 767 1908 aliam,
1077 1866 1245 1902 Matrum
1280 1865 1383 1901 sinus
1414 1864 1669 1911 perfunditur,

225 1923 307 1959 Nec
343 1923 445 1959 saevi
480 1923 578 1969 regis
610 1923 763 1968 impiam
1079 1922 1153 1959 Sed
1171 1922 1279 1958 lactis
1297 1922 1381 1968 plus
1394 1933 1502 1968 quam
1516 1922 1708 1968 sanguinis

227 1980 339 2017 Ultra
371 1979 501 2016 vident
534 1979 806 2025 praesentiam.
1079 1979 1137 2015 De
1168 1979 1250 2015 loco
1282 1979 1402 2015 stillat
1433 1979 1612 2016 vulneris.

155 2095 191 2131 4.
225 2092 330 2128 Tunc
362 2103 429 2129 rex
462 2093 636 2130 Herodes
671 2092 819 2129 fervida
1007 2094 1044 2131 9.
1079 2092 1203 2139 Salve,
1235 2092 1380 2128 lactans
1413 2092 1612 2137 exercitus,

226 2149 479 2186 Succenditur
510 2150 657 2186 insania
1076 2149 1210 2185 Flores
1242 2154 1456 2185 sanctorum
1484 2153 1707 2195 martyrum,

226 2205 460 2251 Mandatque
493 2206 611 2242 sterni
643 2206 746 2242 milia
1075 2205 1136 2242 Ad
1168 2216 1270 2241 aram
1303 2205 1436 2241 summi
1467 2205 1628 2241 numinis

228 2262 467 2298 Lactantium
501 2263 710 2300 innumera.
1076 2262 1145 2307 Qui
1178 2262 1268 2298 laeti
1299 2272 1449 2308 semper
1479 2261 1623 2300 luditis.

159 2378 194 2412 5.
228 2375 449 2421 Completur
483 2387 595 2413 saeva
627 2377 753 2422 iussio,
978 2378 1041 2415 10.
1075 2377 1152 2413 Nos
1185 2387 1249 2412 vos
1281 2376 1482 2412 laudantes
1514 2385 1651 2421 pueros

224 2431 418 2468 Mactatur
450 2433 571 2469 omnis
602 2434 720 2479 pusio,
1074 2433 1232 2479 Semper
1261 2432 1388 2468 iuvate
1420 2432 1609 2478 precibus,

222 2488 370 2525 Aetatis
403 2488 527 2525 bimae
559 2490 707 2535 parvuli
1075 2489 1276 2526 Vobiscum
1308 2489 1360 2524 uti
1394 2489 1532 2535 iugiter

227 2545 293 2580 Vel
325 2543 426 2581 infra
455 2545 670 2582 subduntur
700 2547 795 2584 neci.
1074 2547 1264 2582 Pessimus
1295 2545 1385 2581 laeti
1416 2545 1594 2590 psallere.

232 2663 336 2703 Trop.
375 2673 436 2693 ms.
478 2661 707 2703 Sangallense
745 2673 834 2694 saec.
872 2661 921 2695 10.
980 2663 1063 2696 (jod.
1106 2663 1305 2705 Sangallen.
1347 2660 1423 2694 381.
1459 2663 1498 2694 A.
1525 2682 1565 2685 —
1599 2662 1705 2704 Trop.

140 2718 202 2738 1118.
235 2708 480 2749 Maguntinum
493 2705 538 2749 [2²]
575 2710 609 2738 et
637 2708 850 2748 Tegurinum
888 2719 979 2740 saec.
1014 2707 1056 2740 10
1094 2711 1126 2739 61
1167 2707 1216 2740 11.
1275 2708 1356 2739 Cod.
1391 2706 1585 2740 Londinen.
1619 2707 1706 2739 Add.

139 2750 269 2830 {3123}
291 2753 429 2830 3381]ss
446 2757 498 2829 fiet
528 2753 565 2785 C.
597 2771 641 2775 —-
673 2754 776 2794 Trop.
810 2764 871 2785 ms.
905 2754 1086 2786 Mindense
1120 2755 1201 2785 anni
1238 2751 1334 2786 1024.
1392 2753 1475 2785 Cod.
1508 2753 1706 2785 Berolinen.
