1785 3111
114 230 184 268 51.

115 784 185 822 52.

113 1342 180 1378 53.

111 1898 175 1935 54.

743 134 798 141 —
857 112 937 155 607

229 227 354 274 Quare
383 227 440 264 sic
470 227 662 276 decuerat,

284 284 419 331 inquit,
456 288 494 320 te
523 284 727 331 benignum

232 341 381 388 Agnum
412 341 546 378 mortis
578 341 720 377 exitum

287 398 366 445 pati
396 401 473 435 tam
500 396 725 444 indignum?

229 454 305 492 Sed
335 454 391 491 sic
421 453 664 501 disposueras

285 511 438 548 vincere
468 511 686 558 malignum,

228 568 280 605 Et
309 567 382 605 hoc
410 572 530 604 totum
562 567 703 604 factum
735 572 791 604 est

283 624 333 662 ad
364 625 504 661 amoris
535 625 699 675 signum.

230 783 337 820 Haec
367 783 507 820 amoris
539 783 646 831 signa
676 788 775 831 sunt,

285 850 381 887 quae
410 844 603 887 postrema
632 839 765 886 primis

229 896 419 943 Copulans
450 897 629 942 associas,

285 964 431 991 summa
459 954 618 1000 iungens
648 953 746 999 imis,

228 1010 462 1057 Mousti-am,
494 1010 595 1056 quod
616 1010 672 1046 sic
698 1010 863 1047 moriens

283 1078 352 1105 nos
382 1077 528 1104 amares
559 1067 697 1113 nimis,

226 1123 361 1162 Totum
394 1123 493 1160 enim
525 1121 650 1160 effluis

282 1184 341 1217 tot
369 1180 514 1227 apertis
545 1180 664 1219 rimis.

227 1339 283 1376 Tu
314 1338 457 1376 amicus
487 1350 606 1376 novus
637 1349 689 1389 es,

282 1400 322 1432 tu
353 1405 393 1432 es
425 1406 561 1433 novum
593 1400 778 1447 mustum3

225 1452 287 1490 Sic
317 1456 356 1489 te
385 1457 496 1490 vocat
527 1453 692 1500 sapiens,

282 1513 319 1546 et
351 1512 409 1546 est
438 1510 531 1546 satis
561 1509 713 1560 iustum,

223 1565 341 1603 Totus
373 1567 472 1603 enim
504 1564 628 1603 effluis

278 1623 445 1660 reddens
478 1623 625 1660 dulcem
657 1626 819 1672 gustum,

222 1679 405 1718 Fundens
437 1680 562 1716 carnis
595 1679 749 1727 dolium,

278 1736 369 1773 licet
400 1747 466 1774 vas
499 1740 710 1775 venustum.

222 1896 355 1933 Tantis
386 1895 503 1943 signis
533 1895 696 1932 monitus

278 1952 478 2000 paenitens
509 1952 584 1989 iam
616 1952 758 2003 credat,

222 2009 329 2056 Quod
360 2009 678 2056 praecordialiter

281 2066 456 2104 Christus
489 2065 522 2101 ei
554 2076 593 2102 se
625 2065 712 2114 dat3

222 2123 300 2160 Ista
333 2123 440 2169 signa
471 2122 650 2170 recolam,

276 2189 325 2216 ne
351 2190 412 2216 me
443 2179 558 2216 Satan
590 2179 730 2227 laedat,

221 2236 320 2273 Nam
351 2236 499 2283 peccati
531 2235 673 2272 rabiem

274 2292 370 2336 nihil
400 2293 455 2330 ita
484 2292 606 2330 sedat.

167 2476 176 2486 .
222 2446 301 2483 Ista
334 2444 442 2491 signa
472 2444 643 2481 recolens

275 2501 376 2548 oci,
408 2501 485 2538 oci
517 2501 649 2550 clamo,

221 2558 355 2596 Dulcis
387 2558 484 2608 Iesu,
520 2558 690 2605 querula,

275 2615 375 2661 quod
406 2621 444 2651 te
474 2614 597 2651 minus
629 2625 726 2662 amo,

168 2691 175 2699 ·
220 2671 363 2717 Stringi
393 2675 519 2708 tamen
552 2671 664 2717 cupio

280 2727 506 2774 disciplinae
538 2728 683 2774 chamo,

219 2783 322 2821 Sicut
353 2795 422 2831 pro
453 2795 512 2821 me
544 2788 676 2831 captus
705 2793 744 2821 es

279 2841 448 2878 caritatis
478 2841 603 2880 hamo.

936 229 1003 267 56.

937 783 1001 822 57.

935 1339 999 1377 58.

929 1895 996 1935 59.

928 2445 996 2484 60.

1048 228 1163 274 Quasi
1194 228 1346 265 hamum
1367 228 1518 266 caritas

1105 284 1175 321 tibi
1205 285 1477 332 praesentavit,

1047 341 1146 379 Mori
1184 352 1267 378 cum
1298 352 1366 388 pro
1398 342 1547 379 homine

1104 402 1142 434 te
1173 398 1410 446 sollicitavit,

1047 454 1123 491 Sed
1154 454 1223 491 sub
1256 465 1342 492 esca
1373 455 1512 501 placita

1105 511 1258 548 hamum
1289 512 1505 554 occultavit,

1049 567 1144 606 Cum
1175 568 1317 605 lucrari
1349 569 1492 605 animas

1105 629 1142 661 te
1173 635 1243 671 per
1273 624 1344 661 hoc
1373 625 1611 662 monstravit.

1053 782 1107 819 Te
1138 782 1291 829 quidem
1324 783 1475 820 aculeus

1105 839 1205 876 hami
1237 851 1310 876 non
1342 839 1498 886 latebat,

1050 895 1124 933 Sed
1155 896 1258 932 illius
1290 896 1445 942 punctio

1106 956 1144 989 te
1174 964 1248 990 non
1282 953 1513 999 deterrebat,

1050 1009 1169 1045 Immo
1200 1009 1299 1046 hunc
1330 1010 1514 1056 impetere

1106 1065 1177 1102 tibi
1208 1066 1481 1115 complacebat,

1047 1122 1143 1168 Quia
1180 1123 1409 1160 desiderium

1106 1190 1215 1216 escae
1245 1185 1282 1216 te
1312 1179 1500 1218 trahebat.

1046 1338 1148 1385 Ergo
1179 1350 1249 1385 pro
1280 1349 1339 1375 me
1371 1340 1520 1387 misera,

1104 1407 1215 1442 quam
1246 1400 1286 1432 tu
1319 1396 1501 1443 dilexisti,

1048 1452 1186 1491 Mortis
1217 1452 1256 1489 in
1287 1453 1457 1490 aculeum

1104 1509 1227 1546 sciens
1258 1509 1460 1559 impegisti,

1045 1566 1138 1604 Cum
1174 1569 1212 1602 te
1242 1567 1342 1613 patri
1374 1566 1567 1603 victimam

1102 1627 1271 1660 sanctam
1302 1623 1473 1660 obtulisti

1044 1679 1093 1717 Et
1125 1680 1163 1716 in
1196 1683 1260 1716 tuo
1291 1680 1472 1726 sanguine

1103 1736 1297 1773 sordidam
1328 1736 1469 1775 lavisti.

1043 1896 1134 1942 Quis
1165 1895 1324 1932 miretur
1354 1895 1482 1943 igitur,

1100 1952 1132 1989 si
1163 1962 1233 1999 pro
1264 1956 1302 1989 te
1332 1953 1494 1999 suspiro,

1042 2009 1177 2046 Iuncta
1206 2009 1287 2046 sine
1314 2009 1460 2046 meritis

1097 2071 1174 2102 tam
1206 2066 1346 2102 zelanti
1379 2064 1487 2102 viro?

1041 2122 1140 2160 Nam
1171 2122 1345 2159 affectum
1377 2122 1499 2158 allicis

1097 2189 1219 2215 meum
1252 2179 1364 2215 modo
1396 2179 1503 2225 miro,

1042 2236 1116 2272 Pro
1144 2245 1204 2271 me
1236 2235 1351 2271 vitam
1383 2234 1517 2272 finiens

1098 2292 1202 2328 exitu
1232 2297 1307 2328 tam
1342 2291 1437 2331 diro,

1042 2445 1141 2482 Vere
1171 2444 1246 2481 iam
1278 2454 1352 2480 non
1386 2443 1505 2481 debeo

1096 2504 1243 2538 tantum
1274 2501 1479 2550 suspirare,

1041 2555 1160 2596 Immo
1187 2557 1294 2594 iuxta
1324 2558 1480 2595 verbum
1513 2558 1580 2596 Iob

1098 2624 1250 2651 carnem
1282 2615 1463 2660 lacerare,

1041 2671 1085 2708 In
1118 2681 1280 2708 caverna
1310 2671 1442 2708 lateris

1096 2728 1224 2765 nidum
1258 2738 1489 2774 praeparare

1039 2784 1091 2821 Et
1121 2788 1330 2821 extremum
1362 2784 1537 2830 spiritum

1095 2840 1176 2877 illie
1207 2840 1398 2877 exhalare.
