1785 3111
726 115 1038 157 —613—

97 231 149 270 D,
188 230 345 262 exclama
376 231 422 270 L,
459 230 632 262 exclamat
665 230 780 261 milies
815 230 947 261 FHIM.
989 246 1031 251 —
1062 227 1124 267 50,
1166 227 1187 261 3
1220 230 1348 261 misera
1374 230 1417 269 L,
1456 229 1537 268 Oci,
1573 239 1670 260 ome

99 277 260 307 miseram
286 276 366 318 BE,
401 286 500 317 occy,
535 285 619 317 occy
653 276 831 307 miseriam
856 276 898 306 D.
926 293 967 296 —-
994 273 1054 313 50,
1081 274 1100 307 5
1127 275 1263 307 Statum
1289 275 1407 306 turbat
1431 275 1471 306 L.
1497 292 1543 295 —
1569 272 1623 312 50,
1649 273 1668 305 7

96 321 298 363 languentis
325 322 374 361 D,
401 321 520 353 oculos
546 321 614 352 AC.
641 338 685 342 -—
709 318 763 356 50.
793 319 813 352 8
837 331 938 353 cruce
964 322 1143 353 morientis
1170 321 1197 352 Ι.
1224 338 1266 342 -
1292 319 1345 358 51,
1375 318 1389 352 1
1411 321 1548 353 Siccine
1567 320 1668 351 (lecu-

99 370 173 399 erat
197 367 312 406 FGM,
339 366 544 399 decreveras
569 366 622 406 H,
648 366 849 398 decreverat
873 367 922 406 D,
951 368 1064 406 Quare
1091 367 1141 397 sic
1168 366 1324 407 oportuit
1348 366 1388 398 L.
1414 383 1457 388 —
1475 365 1528 405 51,
1551 363 1572 396 2
1589 366 1670 397 Iesu

97 415 132 444 te
157 413 205 452 L,
240 413 390 454 benigno
424 412 464 444 G.
498 428 541 432 —
574 410 628 451 51,
658 409 679 443 3
712 413 803 453 Agni
829 414 870 444 A.
896 429 940 432 —
964 410 1018 450 51,
1044 410 1064 442 4
1092 413 1183 453 patri
1209 413 1278 443 iam
1306 411 1354 450 E,
1391 412 1534 454 indigno
1559 411 1600 443 G.
1632 430 1666 433 —

99 455 151 497 51,
180 456 200 488 5
225 458 339 499 Atque
365 458 415 489 sic
440 458 493 497 H,
519 461 749 498 proposuerat
773 458 813 488 A.
844 475 881 479 -—
910 455 964 496 51,
991 457 1010 489 6
1035 457 1189 499 maligno
1216 457 1256 489 G.
1284 474 1326 478 —
1353 455 1406 495 51,
1425 455 1443 488 7
1463 461 1574 489 totum
1596 456 1669 498 pati

100 507 153 534 est
177 504 225 534 M.
250 520 293 524 —
319 501 372 541 51,
398 500 419 534 8
445 503 488 534 ob
518 504 646 534 amoris
673 504 812 545 signum
837 503 921 542 HL,
948 503 1012 534 sub
1038 504 1167 534 amoris
1194 504 1294 545 signo
1320 503 1361 535 G.
1387 519 1429 524 —
1456 501 1509 540 52,
1540 502 1671 534 lHaec

98 549 228 580 amoris
261 549 363 591 signa.
397 552 477 580 sunt
509 549 555 588 L,
592 548 660 580 Sed
693 550 821 579 amoris
856 548 894 579 A.
929 566 972 569 -—
1005 546 1058 586 52,
1093 547 1113 579 2
1149 551 1182 580 et
1214 552 1388 589 postrema
1420 550 1466 580 M.
1500 566 1541 569 —
1571 545 1624 585 52,
1650 544 1671 578 3

99 594 244 636 copulas
286 594 467 625 associans
507 593 584 633 AB,
627 594 795 635 copulans
838 595 1018 625 associans
1055 593 1101 633 E,
1144 594 1312 635 copulans
1350 596 1502 626 associat
1538 594 1669 633 FILM,

98 639 338 681 copulansque
371 639 518 671 dulciter
550 640 592 671 G.
616 657 661 660 —
690 637 743 676 52,
769 636 791 670 4
817 640 961 670 summis
988 640 1024 670 F.
1053 657 1092 661 —-
1121 636 1174 677 52,
1202 637 1222 670 5
1247 641 1448 671 Monstrans
1474 639 1601 671 DFHI.
1627 655 1671 659 —

100 682 154 724 52,
181 683 201 716 6
230 695 294 716 1103
319 695 436 716 amare
461 684 508 724 A,
542 695 606 716 nos
633 694 768 716 amores
794 684 845 726 E,
880 694 942 715 1103
969 688 1102 716 amaret
1126 685 1162 718 F.
1191 702 1230 705 —
1258 683 1312 724 52,
1339 683 1357 716 7
1384 686 1475 716 Dum
1501 688 1534 715 te
1559 688 1670 716 totum

99 730 260 762 funderes
286 730 481 762 FGHILM.
507 747 551 752 ——
575 728 630 769 52,
655 728 675 761 5
701 730 755 761 bis
781 728 801 762 8
827 730 946 761 lauten
971 731 1008 761 in
1033 731 1086 761 D:

462 793 556 824 Dum
580 796 614 824 te
639 795 751 824 totum
775 792 936 823 funderes
960 795 1012 823 tot
1037 794 1167 834 apertis
1195 793 1303 831 rimis,

462 839 511 871 Ut
536 841 570 869 et
595 848 649 870 me
675 838 864 869 virtutibus
890 837 1049 869 reficeres
1075 839 1213 879 opimis.

101 897 155 938 53,
193 898 208 931 1
235 901 288 932 Tu
313 911 417 932 verus
443 911 478 932 es
504 901 637 932 amicus
664 902 702 931 L.
731 916 775 920 —
801 897 855 939 53,
882 898 902 931 2
927 904 1032 942 atque
1056 911 1185 932 novum
1212 902 1258 940 L,
1285 904 1383 933 tuum
1408 912 1538 933 novum
1563 901 1600 932 F.
1627 919 1671 923 —-

99 942 153 984 53,
179 944 201 977 4
225 946 368 987 dignum
395 947 460 978 hoc
485 949 518 977 et
543 947 672 977 iustum
698 946 738 976 L.
767 961 810 966 —
835 943 890 983 53,
917 943 937 976 5
962 945 1076 977 affluis
1101 947 1148 977 M.
1177 964 1218 968 —
1244 946 1296 987 53,
1324 946 1344 979 6
1369 947 1469 979 dulce
1495 946 1601 978 BDE.
1628 964 1671 968 —-

97 989 158 1028 53,
192 989 211 1022 7
244 993 466 1034 Mentemque
498 992 676 1023 inebrians
712 991 748 1022 L.
783 1008 827 1012 —
860 989 921 1029 53,
954 989 974 1022 8
1007 991 1089 1023 licet
1120 993 1166 1024 sit
1198 996 1374 1025 vetustum
1409 992 1456 1033 A,
1492 993 1576 1024 licet
1607 1002 1670 1023 vas

95 1040 270 1068 vetustum
295 1037 442 1076 BCDH;
478 1037 561 1068 licet
585 1047 647 1068 vas
673 1047 736 1067 nec
761 1040 878 1068 ustum
903 1037 951 1075 G,
989 1036 1075 1068 facis
1104 1048 1163 1069 001·
1187 1042 1371 1070 venustum
1397 1039 1436 1069 L.
1462 1055 1507 1059 —
1533 1038 1599 1070 Str.
1626 1035 1671 1069 53

97 1082 188 1114 steht
220 1084 255 1113 in
286 1083 317 1114 D
351 1082 468 1114 hinter
493 1082 560 1114 Str.
586 1079 640 1114 42.
675 1099 717 1103 —-
743 1080 796 1116 54,
826 1080 841 1112 l
874 1083 984 1124 signis
1010 1085 1192 1123 paenitens
1217 1085 1263 1115 M.
1291 1101 1334 1105 —
1359 1082 1412 1121 54,
1440 1082 1460 1115 2
1484 1085 1667 1125 paenitens

95 1127 177 1159 dum
203 1127 323 1159 credat
346 1128 374 1159 F
385 1136 391 1163 ;
418 1129 540 1159 merito
559 1129 629 1159 iam
647 1127 765 1159 credat
784 1128 831 1158 M.
851 1145 893 1149 —
912 1125 965 1165 54,
984 1126 1004 1159 3
1023 1130 1135 1167 Quam
1153 1130 1441 1171 praecordialiter
1459 1130 1667 1163 CDFGHM.

95 1189 138 1195 —
164 1171 220 1211 54,
243 1172 266 1204 4
290 1174 322 1205 ei
347 1173 448 1205 cedat
471 1173 544 1204 AE.
570 1191 614 1195 —-
643 1170 697 1211 54,
724 1171 744 1204 6
769 1183 839 1204 1100
866 1184 919 1204 1110
947 1174 1055 1205 Satan
1080 1175 1120 1206 G.
1146 1193 1191 1196 —
1216 1174 1268 1213 54,
1296 1174 1315 1206 7
1341 1175 1507 1217 peccandi
1533 1175 1667 1206 rabiem

95 1219 270 1258 BCDEL,
299 1220 372 1251 Nec
397 1220 530 1261 peccati
555 1219 595 1251 G.
621 1236 664 1240 ——
690 1216 745 1256 54,
770 1216 791 1249 8
817 1220 866 1249 ita
892 1219 992 1250 cedat
1016 1220 1056 1251 G.
1085 1237 1127 1241 —
1144 1219 1199 1259 55,
1220 1219 1235 1252 1
1262 1221 1419 1252 recolans
1438 1221 1487 1261 E,
1515 1221 1666 1252 recolam

97 1264 141 1304 C,
173 1265 323 1296 Mortem
356 1264 486 1296 Christi
519 1264 676 1296 recolens
710 1265 750 1295 L.
784 1283 827 1285 —
853 1262 906 1301 55,
933 1262 953 1295 3
979 1265 1089 1297 Dulce
1116 1266 1202 1307 GH,
1237 1267 1402 1308 (1110111101-
1426 1268 1472 1298 M.
1500 1283 1542 1287 —
1568 1264 1622 1303 55,
1648 1264 1670 1296 4

97 1319 206 1351 quare
237 1313 271 1341 te
303 1320 373 1341 non
403 1320 481 1341 amo
506 1311 558 1349 L,
591 1310 696 1341 nimis
723 1319 800 1341 amo
826 1310 904 1341 GH.
930 1327 973 1331 —
1000 1309 1052 1347 55,
1078 1309 1098 1341 5
1124 1312 1259 1354 Stringi
1284 1316 1419 1344 tantum
1446 1312 1488 1350 C,
1523 1313 1667 1353 cupiens

96 1355 132 1386 F.
161 1372 203 1376 —
229 1353 282 1395 55,
309 1354 329 1387 6
354 1355 456 1387 hamo
483 1355 523 1387 G.
552 1373 596 1376 —
621 1354 674 1395 55,
705 1354 724 1386 7
751 1365 811 1396 per
836 1365 889 1386 me
915 1356 960 1394 G,
988 1365 1023 1387 es
1049 1356 1135 1388 fehlt
1159 1358 1198 1391 L.
1225 1371 1262 1378 d
1295 1358 1362 1390 Str.
1389 1355 1432 1389 56
1457 1357 1544 1389 fehlt
1561 1359 1605 1388 H.
1629 1376 1669 1379 —

96 1398 150 1437 56,
184 1397 205 1431 3
239 1401 325 1433 Cum
360 1402 448 1432 mori
482 1402 519 1431 L.
554 1418 592 1421 ——
630 1399 684 1439 56,
710 1399 730 1432 5
766 1400 913 1432 Etcum
942 1411 1021 1432 esca
1046 1402 1185 1443 placida
1211 1404 1286 1443 BC,
1321 1403 1387 1436 Sed
1413 1403 1504 1434 1111110
1528 1403 1670 1434 hamum

96 1446 229 1488 placita
254 1447 294 1478 L.
323 1462 361 1466 —
388 1445 450 1481 56.
485 1445 505 1478 6
538 1456 616 1478 esca
648 1446 811 1487 palliavit
838 1447 874 1476 L.
900 1463 944 1467 -——
971 1445 1023 1485 56,
1051 1446 1070 1478 7
1095 1448 1290 1480 lucraretur
1314 1449 1361 1485 G,
1395 1449 1462 1480 Per
1488 1459 1565 1480 eum
1591 1459 1669 1479 cum

95 1492 225 1523 lucrari
260 1492 298 1523 L.
330 1509 375 1513 —
407 1490 460 1530 56,
494 1489 514 1523 8
547 1503 608 1534 per
642 1492 707 1523 hoc
740 1496 773 1523 te
807 1493 1016 1523 monstravit
1048 1493 1125 1533 FG,
1158 1505 1219 1536 per
1251 1495 1316 1526 1100
1346 1495 1599 1526 demonstravit
1623 1495 1671 1535 C,

96 1538 232 1569 animas
266 1538 476 1569 monstravit
505 1539 545 1569 L.
578 1555 620 1558 —
652 1535 706 1575 57,
739 1537 760 1569 3
786 1537 855 1569 Aut
880 1537 975 1569 1111113
1002 1542 1169 1579 punctum
1202 1541 1241 1571 L.
1272 1559 1316 1562 ——
1342 1538 1394 1578 57,
1420 1538 1443 1571 4
1466 1551 1537 1571 11011
1562 1544 1595 1571 10
1620 1541 1667 1579 L,

95 1582 276 1615 detinebat
303 1583 344 1615 G.
372 1601 418 1604 —
442 1580 494 1622 57,
520 1581 540 1614 5
566 1586 728 1624 appetere
754 1584 799 1622 F,
835 1586 1030 1625 competere
1055 1585 1152 1624 BEI,
1189 1586 1255 1617 Sed
1282 1587 1332 1618 sic
1357 1586 1449 1617 hunc
1474 1589 1669 1627 competere

94 1628 135 1660 L.
172 1646 212 1649 —
246 1626 307 1668 57,
341 1626 362 1660 8
398 1639 499 1661 escae
531 1628 731 1660 attrahebat
762 1629 809 1668 F,
844 1640 920 1660 esse
953 1629 1159 1662 detrahebat
1183 1631 1228 1670 G,
1264 1633 1342 1662 sitis
1368 1635 1402 1662 te
1428 1632 1465 1661 L.
1494 1650 1534 1653 ——
1561 1629 1621 1670 58,
1650 1630 1665 1662 l

95 1684 157 1716 per
189 1685 244 1705 me
277 1675 318 1707 G.
351 1691 397 1696 —-
423 1671 478 1713 58,
505 1672 526 1705 2
551 1684 654 1715 quarn
681 1676 730 1706 sic
755 1674 908 1705 dilexisti
935 1675 1009 1706 FH.
1041 1693 1078 1697 —
1106 1673 1158 1714 58,
1186 1675 1206 1708 5
1232 1678 1323 1708 1)1,1111
1349 1681 1382 1708 10
1409 1677 1493 1717 GH,
1520 1676 1604 1708 Cum
1631 1680 1668 1708 tu

96 1720 145 1759 D,
180 1721 272 1761 patri
306 1720 458 1751 hostiam
489 1720 528 1751 F.
560 1739 601 1743 —
636 1717 690 1757 58,
717 1719 736 1751 6
763 1723 886 1760 sponte
913 1720 1071 1752 obtulisti
1096 1721 1136 1752 L.
1163 1738 1208 1743 -—
1232 1720 1286 1761 58,
1312 1721 1331 1754 7
1357 1724 1393 1753 in
1419 1733 1518 1753 cruce
1544 1733 1667 1763 meque

95 1767 155 1796 tuo
180 1766 220 1797 L.
246 1782 290 1788 —
317 1762 371 1803 58,
396 1762 417 1796 8
451 1766 622 1807 sanguine
647 1765 768 1796 lavisti
794 1766 833 1796 L.
859 1783 903 1786 —
929 1763 982 1802 59,
1014 1764 1027 1796 1
1056 1768 1201 1798 miratur
1226 1769 1270 1799 H.
1298 1786 1342 1789 —
1367 1766 1421 1806 59,
1447 1765 1467 1799 2
1492 1779 1553 1809 pro
1578 1771 1611 1799 te
1638 1769 1665 1799 si

94 1810 239 1843 FGHM.
263 1829 307 1833 —
332 1808 386 1848 59,
412 1807 433 1842 3
458 1812 581 1842 merito
609 1812 654 1846 B,
688 1812 718 1842 si
752 1813 877 1842 cuncta
902 1813 977 1842 sine
1003 1811 1045 1842 E.
1070 1830 1115 1833 —
1139 1810 1192 1850 59,
1219 1811 1239 1843 5
1266 1814 1350 1845 Cum
1376 1813 1535 1845 affectum
1561 1813 1667 1845 illicis

94 1856 121 1888 I.
147 1873 192 1876 —
216 1854 271 1893 59,
297 1855 318 1889 6
342 1856 483 1888 modum
508 1857 551 1888 D.
577 1874 622 1878 —
646 1854 700 1893 59,
728 1854 746 1887 7
780 1857 899 1888 Vitam
923 1867 984 1898 pro
1011 1868 1064 1888 me
1089 1859 1129 1889 L.
1156 1877 1197 1880 —
1224 1857 1278 1897 59,
1304 1857 1324 1890 8
1349 1870 1430 1891 vere
1455 1862 1566 1891 morte
1591 1859 1667 1890 diro

94 1902 134 1933 L.
168 1919 213 1923 —
245 1899 298 1940 60,
330 1900 353 1933 4
385 1911 507 1933 carnes
539 1902 692 1941 FGHM,
723 1912 899 1933 macerare
931 1903 957 1933 I.
992 1920 1030 1923 —
1059 1901 1111 1942 60,
1139 1903 1158 1935 6
1185 1903 1341 1936 nidulum
1366 1915 1489 1946 parare
1514 1906 1665 1943 FGHM,

92 1948 163 1978 iam
198 1946 379 1979 nidificare
417 1948 455 1978 L.
497 1965 538 1969 —-
576 1945 637 1983 60,
676 1945 697 1978 8
734 1947 817 1978 111110
856 1948 963 1979 ssEH.
1000 1965 1043 1970 --
1081 1950 1148 1981 Str.
1189 1948 1228 1981 61
1267 1950 1353 1981 fehlt
1389 1951 1429 1982 G.
1468 1967 1509 1971 —
1547 1949 1608 1988 61,
1648 1949 1667 1981 7

93 1992 409 2034 Quantumcunque
445 1992 585 2024 saeculo
621 1993 703 2033 FM,
743 1993 1059 2035 Quantumcunque
1095 1995 1213 2036 polero
1255 1997 1303 2033 H,
1343 1997 1657 2037 Quantumcunque

93 2040 234 2080 propter
263 2038 329 2070 hoc
361 2039 402 2070 L.
435 2055 479 2059 —
513 2037 568 2077 61,
593 2036 614 2070 8
639 2042 781 2079 propter
805 2038 870 2070 hoc
895 2039 1062 2071 vilescam
1088 2041 1172 2080 FM,
1206 2045 1347 2083 propter
1371 2045 1404 2073 te
1428 2042 1595 2072 vilescam
1622 2043 1667 2073 H.

92 2102 135 2107 ——
154 2084 222 2116 Str.
248 2081 291 2115 62
316 2081 404 2116 fehlt
427 2084 471 2116 G.
499 2101 543 2105 —-
568 2081 621 2122 62,
654 2082 669 2115 l
697 2084 797 2115 Nunc
823 2088 861 2115 ut
886 2085 973 2124 DM,
1000 2085 1066 2122 En,
1092 2090 1132 2117 ut
1155 2087 1199 2121 L:
1228 2087 1369 2118 clamito
1395 2087 1470 2117 LM.
1502 2104 1538 2107 >-
1566 2085 1620 2125 62,
1646 2085 1667 2118 3

93 2128 248 2170 adfigant
273 2130 424 2161 animam
450 2130 500 2169 A,
527 2128 669 2171 effigant
693 2130 856 2161 miseram
881 2130 923 2161 E.
948 2148 992 2151 —
1020 2129 1073 2169 62,
1100 2130 1120 2163 6
1146 2132 1231 2162 mihi
1256 2132 1367 2163 dulcis
1394 2133 1460 2163 iste
1479 2132 1667 2164 BCEFIM.

91 2191 136 2196 —-
160 2173 213 2213 62,
240 2173 259 2206 7
281 2174 318 2206 Si
336 2175 536 2216 complexar
552 2175 635 2214 BE,
662 2175 700 2207 Si
719 2175 901 2216 amplexar
920 2176 974 2215 M,
1003 2176 1039 2207 Si
1057 2177 1268 2218 complector
1292 2177 1345 2215 H,
1374 2178 1410 2209 Si
1433 2178 1665 2218 complectens

92 2221 222 2251 moriar
251 2220 299 2262 F,
333 2220 371 2252 81
403 2221 616 2262 complector
648 2221 800 2262 propriis
836 2220 906 2251 CD.
939 2239 981 2243 —
1018 2219 1072 2259 62,
1105 2220 1126 2253 8
1159 2223 1311 2254 moriens
1344 2222 1438 2254 ulnis
1466 2226 1499 2253 te
1525 2223 1597 2255 CD.
1623 2241 1666 2245 —

91 2263 145 2304 63,
181 2263 198 2296 1
233 2266 302 2304 Sic,
334 2267 385 2297 sic
415 2270 448 2297 et
480 2276 551 2298 non
584 2267 623 2297 L.
657 2283 702 2289 -
734 2264 787 2304 63,
821 2263 842 2297 3
876 2267 967 2305 Quia
1003 2278 1062 2298 cor
1095 2268 1137 2299 D.
1171 2285 1215 2289 —
1240 2265 1295 2307 63,
1320 2265 1340 2299 8
1366 2269 1432 2299 mei
1459 2269 1507 2299 sis
1533 2268 1665 2300 doloris

90 2310 268 2343 AFGHM.
301 2328 346 2332 —
376 2309 430 2349 64,
468 2310 484 2342 1
517 2312 628 2343 Plane
661 2311 772 2342 dulcis
805 2312 847 2351 F,
888 2311 999 2343 Valde
1033 2312 1145 2343 dulcis
1179 2311 1227 2344 M.
1260 2331 1305 2334 —
1338 2311 1392 2351 64,
1419 2312 1439 2345 3
1465 2324 1514 2355 sq.
1541 2314 1665 2346 leviter

90 2357 218 2387 vitium
239 2357 279 2388 A.
306 2373 352 2378 —-
376 2354 430 2392 64,
459 2355 479 2388 5
504 2357 593 2388 Nam
619 2356 710 2395 illos,
738 2366 825 2397 quos
852 2356 996 2389 firmiter
1013 2358 1090 2390 GH.
1117 2375 1160 2379 —
1185 2356 1239 2396 64,
1264 2356 1287 2389 4
1311 2359 1436 2391 leviter
1455 2360 1490 2391 C.
1510 2375 1553 2380 —
1571 2357 1624 2398 64,
1645 2358 1664 2391 7

90 2402 176 2433 Tuis
201 2402 292 2433 caris
317 2402 478 2434 manibus
504 2401 678 2441 ABCDE,
714 2401 800 2433 Tuis
827 2404 958 2433 sanctis
986 2404 1145 2435 manibus
1170 2404 1205 2443 I,
1238 2404 1280 2435 In
1314 2406 1496 2446 pressuriS,
1525 2405 1664 2447 gaudiis

90 2447 130 2478 L.
158 2463 201 2468 —-
233 2445 286 2485 64,
313 2444 334 2478 8
359 2446 526 2488 Supernis
556 2448 698 2489 inungis
723 2447 764 2478 L.
790 2464 834 2467 —
863 2446 917 2486 65,
946 2446 961 2479 1
990 2459 1093 2490 quam
1119 2449 1330 2481 mirabiliter
1354 2450 1394 2482 G.
1420 2467 1464 2473 —
1489 2449 1543 2488 65,
1568 2448 1588 2482 2
1613 2454 1666 2482 est

91 2495 228 2524 creatus
261 2492 340 2532 ΑΕ,
377 2496 538 2524 caecatus
573 2492 705 2533 korrig.
737 2493 773 2523 in
800 2497 936 2524 creatus
962 2494 1010 2532 B,-
1044 2495 1192 2526 mundus
1222 2498 1275 2526 est
1299 2495 1401 2527 datus
1426 2496 1469 2527 D.
1497 2515 1539 2519 —
1565 2495 1618 2534 65,
1644 2495 1664 2527 5

91 2537 262 2569 detractat
293 2539 343 2578 D,
381 2541 546 2569 retractat
578 2537 627 2577 E,
668 2537 838 2570 detrectat
870 2536 947 2577 FG,
986 2540 1113 2571 refutat
1147 2541 1199 2580 H,
1232 2542 1347 2572 renuit
1379 2542 1429 2581 D,
1460 2541 1592 2573 devitat
1619 2544 1663 2582 L,

91 2583 246 2615 declinat
276 2583 324 2614 M.
358 2600 399 2604 —
433 2582 486 2621 65,
515 2582 534 2615 6
560 2588 631 2614 tam
656 2583 741 2615 fehlt
766 2584 815 2622 G,
852 2585 950 2615 cuius
976 2585 1076 2617 dulce
1100 2586 1192 2617 latus
1218 2587 1258 2618 L.
1284 2603 1327 2609 -—
1356 2586 1408 2625 65,
1436 2585 1454 2618 7
1480 2588 1663 2629 Languido

90 2629 154 2668 FI,
187 2629 320 2661 Libens
344 2632 416 2660 tam
441 2630 579 2671 aperuit
603 2629 643 2660 L.
677 2646 719 2650 —2
746 2627 801 2666 65,
826 2626 847 2661 8
875 2639 1009 2672 semper
1034 2641 1158 2663 sanare
1184 2635 1325 2673 paratus
1350 2633 1390 2663 L.
1418 2652 1461 2655 —
1487 2632 1540 2671 66,
1570 2633 1584 2664 1
1612 2644 1664 2674 sq.

90 2674 160 2705 und
196 2672 218 2706 3
250 2685 301 2716 sq.
327 2675 528 2716 umgestellt
552 2675 597 2705 H.
625 2691 664 2696 —
696 2673 750 2713 66,
778 2672 794 2705 1
823 2675 851 2706 O
876 2676 923 2706 mi
950 2676 1118 2708 beneficia
1143 2678 1191 2719 G;
1216 2678 1331 2709 Tanta
1356 2677 1524 2710 beneficia
1550 2679 1594 2709 H.
1621 2696 1663 2700 —-

92 2718 147 2757 66,
171 2717 192 2750 2
225 2729 308 2751 suae
333 2721 509 2762 passionis
535 2720 577 2751 E.
603 2738 647 2742 —
674 2718 729 2759 66,
757 2718 779 2751 4
802 2719 905 2752 homo
931 2732 992 2753 cur
1015 2733 1086 2754 non
1111 2722 1156 2753 H.
1181 2740 1224 2745 —
1251 2722 1303 2760 66,
1331 2721 1350 2754 7
1375 2723 1443 2754 Per
1468 2723 1559 2754 hunc
1583 2724 1659 2762 AC,

91 2763 222 2796 Christi
247 2765 297 2806 D,
323 2766 495 2797 maximus
520 2766 556 2797 F.
584 2783 627 2787 —
653 2764 706 2802 66,
733 2763 754 2797 8
778 2776 842 2797 nos
867 2766 996 2798 ditavit
1020 2768 1055 2807 I,
1088 2768 1190 2799 donis
1215 2768 1313 2800 ABC.
1340 2785 1385 2789 —-
1410 2767 1462 2805 67,
1487 2767 1502 2799 l
1530 2770 1659 2810 quippe

91 2811 261 2852 sanguine
285 2810 326 2841 A.
351 2826 395 2832 -—
421 2809 474 2849 67,
501 2809 521 2842 2
546 2811 748 2853 languidum
776 2811 917 2852 depavit
940 2812 1019 2852 BE,
1045 2813 1211 2855 languido
1237 2824 1301 2845 nos
1329 2815 1427 2855 pavit
1451 2814 1479 2845 Ι.
1504 2831 1547 2835 -
1567 2812 1620 2852 67,
1637 2812 1659 2845 3

91 2855 204 2895 Quam
234 2857 288 2896 H,
321 2856 416 2895 Quos
447 2857 476 2888 Ι.
508 2874 550 2879 —
581 2855 634 2895 67,
660 2854 681 2887 4
714 2856 872 2888 Christus
900 2858 1073 2889 baiulavit
1098 2859 1138 2891 G.
1163 2876 1208 2880 —
1233 2858 1288 2895 67,
1313 2857 1335 2889 4
1359 2859 1446 2890 Post
1468 2858 1534 2891 hoc
1559 2859 1660 2891 dulce
