1785 3111
216 341 266 378 30

216 624 237 660 :3
244 625 265 659 5

213 907 265 943 40

215 1191 266 1227 45

221 1758 269 1794 55

223 2041 274 2077 60

222 2324 272 2360 65

737 51 1042 90 —184—

318 168 527 212 Barnabas,
561 166 671 212 Silas,
705 165 932 212 Stephaan
964 164 1192 210 Marcusque
1223 163 1416 213 Titusque,

370 224 492 260 Lucas
525 228 561 258 et
592 223 777 261 Clemens,
810 225 961 258 sanctus
991 220 1240 267 Apollinaris.

311 282 451 326 Sixtus,
484 279 717 323 Alexander,
750 278 946 318 Cornelius
979 282 1015 313 et
1047 277 1270 323 Cyprianus.

370 337 493 384 Felix,
527 335 706 374 Urbanus
737 335 1013 380 Mauritiusque
1042 334 1140 379 pius,

314 394 404 431 Cum
438 393 519 439 quis
551 398 603 438 tu,
635 392 769 428 doctor
796 389 1028 428 Bonifacius.
1061 391 1191 426 inclite
1222 394 1379 436 martyr,

369 450 531 486 Placans
563 449 809 485 altithronum
843 447 958 484 funde
989 457 1134 492 preces.
1169 447 1342 492 petimus,

312 507 423 543 Alme
454 512 537 542 tuos
567 505 688 542 socios
718 515 885 551 moneas,
920 504 1099 552 Martine,
1132 514 1344 549 precamur,

370 564 443 600 Pro
475 562 582 598 nobis
614 562 815 599 Dominum
847 570 1004 607 poscere
1034 561 1106 596 rite
1135 560 1250 606 pium.

312 621 396 657 Hoc
428 619 517 665 Leo,
551 619 733 656 Silvester
763 618 873 654 simul
906 622 942 653 et
973 615 1167 653 confessor
1202 617 1408 663 Amandus⁷

371 676 595 714 Ambrosius
626 675 779 721 praesul
810 684 983 720 papaque
1015 673 1233 720 Gregorius,

314 732 547 780 Augustinus
579 732 709 772 honor.
745 731 878 767 doctor
910 731 1164 776 Hieronymus
1197 735 1308 776 atque

370 789 600 827 Maximinus
633 794 763 834 pastor
792 787 1054 833 Eusebiusque
1085 793 1202 833 gerat.

314 849 406 889 Hoc,
441 846 657 891 Benediete‚
690 845 764 881 tuis
795 844 989 881 monachis
1019 844 1209 891 impende,
1244 853 1454 889 precamur,

370 904 461 940 Cum
493 902 659 939 Antonio
691 907 725 938 et
758 902 875 939 Paulo
907 911 1022 947 regna
1053 900 1165 937 beata
1195 905 1339 937 tenens.

312 962 464 1006 Martyr
495 959 644 1005 Agatha
676 959 759 1005 Dei,
794 956 923 995 foveas
955 968 1023 994 nos
1054 957 1136 997 rite,
1171 967 1384 1003 precamur,

369 1018 496 1063 Agnes
529 1016 584 1051 sic
616 1016 733 1062 virgo,
766 1016 821 1051 sic
853 1020 889 1051 et
920 1015 1135 1051 Anastasia.

313 1074 442 1122 Lucia,
476 1072 648 1113 Balbina,
685 1071 910 1112 Petronella,
945 1071 1108 1111 Eulalia,
1142 1070 1295 1109 Thecla.

370 1129 527 1175 Regina.
560 1129 784 1175 Euphemia,
818 1128 995 1171 Caecilia,
1029 1127 1210 1167 Sotheris,

314 1187 499 1233 Eugenia,
535 1187 677 1233 Prisca,
710 1185 976 1231 Monegundis.
1010 1184 1203 1221 Praxidis.
1236 1181 1346 1228 Afra,

373 1244 577 1290 Christina,
612 1242 769 1288 Brigida
800 1241 985 1287 turbaque
1017 1245 1120 1277 casta
1152 1240 1242 1286 poli.

315 1301 527 1339 Caelicolae
559 1300 697 1345 cuncti,
731 1305 947 1335 sanctorum
979 1298 1169 1334 exercitus
1202 1296 1336 1340 omnis,

371 1358 454 1394 Hoc
487 1356 662 1402 precibus
694 1355 804 1403 agite,
835 1360 876 1391 ut
907 1366 974 1391 nos
1006 1354 1108 1391 Deus
1140 1354 1221 1399 ipse
1253 1354 1367 1391 iuvet.

316 1416 513 1461 Expurget
547 1413 742 1453 miserans,
777 1412 931 1459 exaltet,
966 1411 1111 1458 diligat,
1146 1414 1266 1448 ornet.

372 1472 529 1508 Illaesos
562 1474 699 1519 servet,
733 1473 906 1515 protegat
938 1473 1049 1514 atque
1082 1472 1200 1513 regat.

317 1529 392 1565 Det
422 1537 554 1573 pacem
586 1538 726 1566 veram,
762 1526 825 1562 det
856 1525 1009 1571 plenum
1041 1535 1172 1560 munus
1204 1521 1355 1566 amoris,

373 1586 492 1622 Actus
527 1585 587 1620 det
619 1583 791 1629 placidos
822 1592 1001 1628 spemque
1032 1580 1217 1627 finemque
1250 1579 1401 1616 bonam.

320 1642 508 1678 Virtutum
543 1641 686 1686 copiam
721 1639 863 1677 tribuat
896 1644 1132 1683 mentemque
1163 1637 1365 1681 benignam

373 1698 420 1735 Et
463 1708 611 1734 carnem
646 1702 785 1732 castam
819 1702 966 1741 tempus
995 1700 1029 1730 et
1061 1704 1170 1730 omne
1201 1694 1351 1731 bonum.

321 1757 393 1792 Det
422 1756 575 1794 victum.
609 1758 764 1791 vestem,
796 1751 892 1788 fidos
926 1753 989 1787 det
1021 1761 1171 1797 semper
1201 1751 1341 1787 amicos

371 1813 497 1857 Atque
530 1812 656 1847 hostes
689 1814 842 1846 cunctos
874 1813 1001 1844 arceat
1034 1808 1116 1853 ipse
1146 1808 1292 1853 procul.

316 1869 471 1905 Famem
506 1867 684 1914 depellat,
717 1865 867 1902 morbos
898 1865 1008 1900 simul
1039 1863 1187 1901 auferat
1218 1872 1360 1903 omnes,

374 1926 553 1963 Conterat
585 1929 621 1960 et
651 1924 761 1969 longe
794 1922 987 1958 daemonis
1018 1921 1188 1959 insidias,

317 1982 344 2019 C
348 1993 519 2019 urramus
549 1980 651 2020 laeti,
683 1984 722 2016 ut
755 1979 945 2025 capiamus
976 1989 1090 2024 regna
1121 1978 1233 2014 beata

379 2039 468 2075 Cum
502 2038 655 2075 Christo
687 2047 831 2072 sursum
865 2045 1015 2081 semper
1038 2035 1082 2071 ,in
1113 2045 1201 2071 arce
1231 2034 1321 2080 poli.

323 2097 454 2142 Agnus
485 2099 614 2132 sancte
645 2093 728 2130 Dei.
762 2092 825 2139 qui
856 2091 958 2127 tollis
988 2091 1147 2128 crimina
1178 2091 1319 2135 mundi,

381 2152 538 2197 Semper
567 2151 605 2187 in
636 2155 830 2187 aeternum
861 2154 901 2184 tu
932 2148 1110 2184 miserere
1142 2148 1227 2186 tuis.

332 2209 388 2245 Tu
418 2219 498 2253 nos,
532 2208 692 2247 Christe,
726 2206 826 2243 audi.
859 2209 898 2241 tu
930 2205 1079 2250 exaudi,
1113 2204 1274 2252 Christe,
1306 2213 1516 2249 precamur,

377 2266 431 2302 Te
462 2265 663 2312 sequimur,
699 2263 859 2307 Christe,
892 2267 929 2298 te
962 2262 1143 2302 volumus,
1178 2261 1386 2306 cupimusa

320 2323 349 2359 O
382 2322 553 2369 Domine,
586 2321 704 2365 salva,
737 2320 823 2366 quia
856 2319 969 2355 vitam
1001 2318 1215 2364 quaerimus
1247 2317 1313 2353 abs
1346 2322 1395 2363 te,

379 2378 512 2415 Redde
543 2383 645 2413 tuum
678 2377 833 2419 vultum,
867 2375 921 2411 sic
952 2375 1024 2411 erit
1053 2379 1166 2420 atque
1198 2374 1303 2410 satis,

321 2435 378 2471 Tu
407 2430 616 2483 quo[niam]
651 2433 781 2481 virtus,
816 2437 856 2468 tu
887 2432 966 2468 rita
997 2441 1048 2469 es.
1081 2431 1231 2469 Christe
1261 2429 1459 2476 perennis,

378 2492 446 2534 Tu,
481 2491 643 2534 Christe,
676 2490 830 2535 eleison,
862 2494 902 2525 tu
935 2488 1055 2533 Kyrie
1079 2488 1230 2524 eleison.

216 2604 394 2635 Browerus
420 2614 451 2643 p.
477 2600 520 2633 48
547 2612 638 2643 sqq.;
665 2601 845 2633 Di‘unmler
871 2600 915 2637 11,
942 2598 1006 2630 217
1033 2610 1082 2639 sq.
