1785 3111
722 65 1031 106 —137—

327 179 364 216 4.
417 177 481 215 Sol
511 178 709 227 luminare,
743 179 897 216 schema
928 180 1057 217 mundi
1090 181 1308 227 candidum,

288 2221 354 2260 10.

285 2562 352 2600 11.

410 234 561 272 Delusit
588 245 697 271 omne
728 237 918 273 saeculum
950 237 1120 281 meridie,

410 291 523 328 Texit
552 291 726 338 polorum
757 293 953 339 lampades
985 294 1196 341 nigredine,

410 348 564 386 Caelum
595 348 755 385 tabescit
787 353 909 387 taetra
938 354 1048 387 nocte
1078 352 1263 388 territum.

409 405 572 452 Languit
604 406 724 442 omnis
755 407 917 444 mundus
949 407 1017 444 sub
1050 408 1223 455 caligine.

409 517 579 565 Expavit
607 529 752 567 arvum,
784 524 1020 557 tremuerunt
1051 521 1184 568 maria,

408 574 542 611 Velum
574 575 734 612 recisum
767 577 901 623 templi
931 588 1017 614 mox
1049 589 1118 624 per
1150 579 1314 616 medium

408 630 543 669 Fissae
575 632 713 669 deinde
744 638 947 679 patuerunt
980 634 1117 682 silices,

407 688 532 725 Multa
563 689 710 735 piorum
743 694 990 727 surrexerunt
1021 701 1180 737 corpora

406 745 465 782 De
495 746 759 793 monumentis,
794 747 934 784 dudum
966 748 1029 794 qui
1062 749 1310 788 dormierant.

1319 610 1326 630 5

408 858 461 896 Ut
492 858 590 895 vidit
620 860 752 906 anguis
783 860 1016 897 immolatum
1049 871 1207 908 vespere

406 915 586 961 Corporis
618 916 707 953 almi
740 922 910 954 sanctum
941 917 1183 964 sacrificium,

407 971 518 1012 Quod
549 983 658 1009 mane
690 974 833 1010 caelum
865 975 1029 1021 replevit
1062 975 1256 1025 odoribus,

405 1027 548 1065 Dolore
579 1030 696 1067 multo
728 1031 878 1068 saucius
905 1031 1108 1079 increpuit,

405 1085 607 1122 Perculsus
639 1087 726 1134 agni
757 1088 945 1125 mansueti
977 1089 1144 1127 vulnere.

405 1198 512 1236 Vidit
541 1199 579 1235 in
611 1211 679 1237 ara
710 1211 857 1238 sacram
890 1202 1013 1238 crucis
1045 1202 1220 1249 hostiam,

404 1254 604 1302 Sanguinis
635 1257 788 1304 undam,
822 1258 972 1296 laticem
1005 1259 1051 1296 de
1082 1259 1202 1296 latere

405 1311 543 1349 Sancto
574 1312 764 1362 fluentem,
799 1315 941 1353 saeculi
972 1317 1034 1362 qui
1067 1317 1226 1354 crimina

403 1369 551 1417 Abluit,
583 1371 661 1408 alta
692 1372 862 1418 paradisi
894 1373 1033 1419 gaudia

406 1426 506 1463 Data
535 1427 686 1472 latroni,
720 1427 864 1466 fractus
896 1430 994 1466 colla
1026 1430 1168 1469 sibilat.

404 1539 516 1577 Felix
548 1539 700 1579 refulsit
730 1542 856 1579 tristia
887 1550 974 1591 post
1005 1543 1165 1581 sabbata

402 1596 495 1634 Dies
526 1607 661 1635 serena
692 1599 923 1645 perlustrata
954 1600 1107 1649 lumine,

403 1653 507 1699 Quae
538 1655 618 1692 sola
649 1656 794 1692 cunctis
826 1655 1041 1694 antefertur
1076 1658 1222 1707 diebus,

403 1711 447 1747 In
479 1722 552 1758 qua
584 1712 805 1759 redemptor
835 1713 1003 1750 surrexit
1033 1726 1055 1751 a
1086 1716 1244 1752 mortuis

402 1767 539 1804 Mundi
571 1769 736 1816 superbo
767 1775 948 1817 superato
979 1771 1167 1819 principe.

404 1881 516 1918 Venit
547 1882 672 1919 Maria
703 1883 935 1930 Magdalene
966 1884 1138 1933 sabbato,

403 1938 528 1975 Maria
560 1939 663 1975 venit
694 1940 815 1977 altera
848 1942 1015 1978 diluculo

401 1995 465 2032 Ad
496 2002 789 2044 monumentum,
823 2003 1021 2044 portantes
1053 2004 1236 2049 aromata,

402 2051 455 2090 Ut
485 2052 679 2089 venientes
712 2065 848 2100 corpus
880 2056 1178 2093 sacratissimum

399 2109 542 2147 Christi
574 2109 731 2147 linirent
761 2111 958 2149 redolente
990 2113 1206 2152 chrismate.

401 2221 592 2259 Concussa
623 2224 737 2260 tellus
768 2224 816 2261 ab
846 2226 921 2262 imo
953 2226 1112 2276 resiluit,

399 2279 562 2316 Terrore
593 2280 703 2326 pulsa
734 2281 930 2327 riguerunt
962 2294 1163 2330 marmora,

399 2336 546 2373 Invasit
576 2336 712 2373 horror
743 2339 920 2375 mulieres
952 2340 1124 2387 pavidas,

398 2392 460 2429 Ab
492 2403 557 2429 ore
587 2405 748 2440 namque
779 2397 1010 2433 monumenti
1041 2397 1210 2444 lapidem

396 2448 497 2486 Dum
527 2454 681 2488 sanctus
713 2462 830 2488 ovans
860 2453 1016 2500 angelus
1047 2454 1275 2494 revolveret.

398 2562 553 2600 Flentes
585 2567 625 2600 at
654 2564 743 2601 illae
774 2565 1027 2611 loquebantur
1057 2571 1207 2607 mutuo:

398 2619 489 2665 Quis
521 2632 542 2656 a
573 2621 739 2667 sepulcri
771 2622 899 2659 clauso
928 2622 1036 2660 nobis
1067 2624 1163 2661 ostio

400 2676 580 2723 Magnum
615 2679 786 2714 revolvet
815 2679 996 2727 lapidem,
1029 2691 1102 2726 quo
1133 2692 1310 2728 smyrnea

399 2732 611 2780 Tinguatur
640 2734 741 2771 unda
775 2746 923 2785 corpuS,
957 2737 1176 2774 aromaticis

395 2788 523 2826 Litum
555 2791 717 2837 respiret
749 2792 927 2838 pretiosis
958 2793 1138 2830 roribus?
