1785 3111
762 92 1072 131 —550—

132 207 177 245 12³3
203 205 328 247 perflas
346 204 387 236 E.
415 221 456 226 -—
483 202 543 242 21),
569 201 590 235 3
608 204 720 245 Super
744 205 825 245 igne
844 204 883 235 Β.
902 222 945 226 —
962 201 1023 241 3a,
1052 202 1067 234 1
1088 204 1192 235 arbor
1209 204 1282 235 No'e
1301 205 1341 235 Β.
1359 220 1401 224 ——
1422 203 1485 242 41),
1514 202 1529 235 1
1550 207 1602 236 est
1617 203 1703 235 fehlt

132 251 169 283 C.
194 267 238 272 --
262 248 325 288 4b,
351 248 371 282 3
389 250 503 292 Nequi
522 251 568 289 B,
594 250 726 291 Nequis
745 249 847 287 tradi,
874 249 970 280 nicht
987 249 1083 280 tendi
1098 249 1291 288 (Zarncke)‚
1318 250 1480 281 fluctibus
1496 249 1538 281 E.
1557 267 1598 272 ——
1617 247 1667 281 5a
1687 247 1702 280 1

130 296 228 327 Haec
245 298 280 326 et
298 295 397 326 Sauli
414 295 457 327 Ε.
475 312 519 316 -
545 294 604 332 53,
631 292 651 326 3
670 296 805 336 periens
824 295 898 325 AD.
916 312 960 315 —
977 292 1038 332 6b,
1062 292 1078 325 1
1098 297 1240 326 accusat
1256 295 1341 326 fehlt
1360 296 1397 326 Β.
1417 313 1462 316 -
1479 295 1540 334 61),
1567 292 1588 325 2
1604 295 1704 327 Nunc

130 340 252 371 videns
288 344 340 371 est
364 341 438 372 BD.
474 357 518 361 —
551 338 612 378 Ob,
646 337 666 372 3
691 341 838 372 Fraudis
871 350 955 371 suae
981 341 1020 371 A.
1049 357 1088 361 —
1118 338 1180 375 73,
1206 338 1227 371 3
1253 339 1398 372 Servate
1424 341 1498 372 ΑΕ.
1523 359 1567 363 —
1593 338 1654 377 7b,
1683 338 1699 372 1

77 414 79 417 ⁴
130 396 240 417 uoxor
267 387 316 426 D,
350 386 438 417 11300
470 385 556 417 fehlt
580 386 622 417 A.
648 403 691 406 ——
716 383 777 424 83,
812 383 832 416 2
857 385 930 416 1001
957 384 998 419 C:
1024 385 1156 417 Rachel
1181 385 1223 417 Ε.
1249 403 1290 407 -
1316 384 1376 423 Sa,
1404 383 1425 417 3
1452 387 1501 417 Το
1526 386 1703 428 fugantem

129 431 208 466 CD:
240 431 415 472 fugentem
441 432 486 465 B:
522 431 645 462 Cisara
671 431 748 471 ΟΕ,
786 431 944 463 cisaram
970 432 1019 470 A,
1056 430 1179 462 Cisura
1204 432 1245 462 D.
1277 449 1321 452 —
1345 429 1409 470 8b,
1435 429 1456 463 3
1480 431 1570 463 forto
1596 432 1632 463 C.
1659 447 1704 452 —

128 474 187 515 93,
214 474 235 508 3
261 477 337 515 Qua
364 476 401 507 C.
426 495 470 499 —
495 474 560 515 91),
589 474 605 507 1
633 477 731 509 Sicut
756 486 885 508 manna
910 476 1039 508 Gomor
1057 477 1102 513 Βς
1127 477 1257 517 Magna
1282 477 1411 509 Gomor
1438 478 1480 508 D.
1508 493 1549 498 ——
1576 474 1658 514 103,
1685 473 1701 507 1

128 532 170 553 ex
194 522 309 554 Elena
334 523 377 553 D.
403 541 445 544 —
475 520 555 560 103,
582 520 603 554 3
631 523 717 563 Spes
745 522 861 554 Saulis
886 521 972 553 fehlt
996 522 1050 558 D;
1077 522 1163 562 Spes
1190 526 1242 553 est
1267 522 1384 554 Saulis
1405 522 1454 562 E,
1480 523 1549 564 Spe
1575 522 1701 553 salutis

128 567 285 608 orphana
310 569 347 599 B.
375 584 415 588 —
438 565 522 604 lla,
549 565 570 598 2
587 567 765 599 Austrinis
787 567 828 599 E.
847 584 891 587 —
912 565 992 606 lla,
1020 564 1040 598 3
1059 566 1197 599 radiens
1215 568 1263 604 E:
1284 586 1327 590 -
1344 568 1545 609 Astupescit
1562 568 1700 600 rediens

126 613 166 643 A.
191 630 236 633 ——
265 610 344 649 llb,
375 611 391 643 1
417 623 467 654 sq.
493 613 610 644 fehlen
634 614 677 644 D.
704 632 745 635 -—-
775 611 858 651 12b‚
888 610 903 643 1
933 612 979 643 Et
1004 613 1110 654 palin]
1138 614 1174 645 C.
1204 631 1241 634 —
1273 611 1353 651 133,
1389 612 1403 644 1
1430 613 1523 652 Quid
1547 614 1584 644 in
1609 614 1700 644 circo

125 657 167 689 E.
194 677 236 681 —
265 655 305 689 13
318 669 352 694 a,
387 656 407 689 2
433 658 524 698 Quid
550 668 592 689 ex
617 659 708 689 circo
735 658 776 689 Ε.
803 677 845 680 -
871 658 1084 700 Zeilenfolge
1109 659 1145 689 in
1171 658 1237 690 Str.
1266 657 1324 690 15:
1362 657 1397 695 1,
1424 656 1462 698 2,
1488 656 1527 697 4,
1554 657 1592 697 6,
1619 657 1649 695 5,
1679 654 1701 689 3

126 704 168 735 D.
187 721 231 725 —-
258 704 445 744 „Sequitur
462 703 644 745 rhythmus
661 704 785 735 tertius
803 704 848 734 Io
860 703 880 734 h
892 705 1025 735 3111115
1041 705 1102 735 An
1114 704 1174 745 gli
1188 706 1224 735 01
1242 704 1473 736 diversimode
1490 700 1697 736 coloratus.“

127 749 200 780 BD.
228 766 270 770 —-
297 749 452 781 Zarncke
479 759 510 780 a.
536 759 567 780 a.
594 750 633 781 O.
660 750 693 781 S.
722 747 764 781 ΤΟ
789 757 842 791 sq.

546 905 627 940 376.
664 905 722 947 (5.)
758 905 816 939 De
843 905 985 941 sancta
1010 905 1255 942 Kathariua.

152 999 222 1037 la.
263 999 351 1036 Vita
381 998 490 1036 nobis
522 998 764 1045 exemplaris,

265 1056 356 1092 Vita
387 1059 466 1093 tota
494 1055 670 1092 militaris

321 1112 559 1150 Katharinae
592 1110 731 1150 floruit.

150 1216 171 1252 2
191 1226 224 1253 a.
267 1214 358 1252 Flos
390 1218 448 1251 est
480 1215 551 1251 soli
582 1214 763 1261 Pelopaei

264 1271 494 1319 Katharina,
528 1282 667 1318 sponsa
698 1270 784 1318 Dei,

319 1328 423 1366 Costi
456 1329 557 1376 regis
588 1327 678 1378 filia,

148 1431 218 1470 33.
261 1430 400 1467 Nescit
430 1430 640 1477 pudicitiae

318 1487 491 1534 Sigillum
525 1485 778 1534 confringere,

145 1590 218 1626 4a.
262 1590 306 1626 111
339 1588 440 1625 tristi
470 1588 629 1635 laetitia,

257 1646 392 1688 Amica
419 1646 578 1683 saevitia

316 1703 520 1740 Iucundari
551 1702 721 1751 negligit,

146 1805 214 1842 5a.
259 1803 355 1840 Nam
395 1808 436 1840 ut
478 1802 551 1840 fuit
586 1805 699 1841 morti
729 1816 868 1852 parens

260 1860 426 1906 Virginis
457 1865 617 1907 uterque
648 1872 799 1908 parens,

315 1916 421 1955 Caeli
453 1917 573 1954 erevit
603 1918 744 1968 pluvia,

144 2019 214 2056 63.
256 2019 347 2056 Flos
389 2018 565 2065 pruinam
603 2020 862 2067 reprehendit,

253 2076 500 2121 Argumentis
545 2076 593 2113 ad
628 2076 698 2113 hoc
729 2077 864 2125 tendit,

313 2132 452 2169 Vernet
482 2136 523 2169 ut
553 2132 711 2180 iustitia,

141 2234 210 2271 73.
252 2233 321 2270 Ε51
354 2233 492 2271 1113053
528 2244 645 2280 coma,
679 2235 808 2281 vestis,

254 2290 391 2327 Rosam
438 2291 563 2337 gravis
603 2295 703 2328 artat
739 2292 864 2339 restis,

308 2347 379 2383 Est
411 2352 447 2383 et
479 2346 581 2384 flecti
612 2348 761 2397 nescia,

139 2438 207 2474 83.
250 2435 382 2472 Nutrit
424 2447 547 2473 rosam
590 2438 646 2473 sol
679 2438 725 2474 de
758 2439 861 2475 caelo

206 2525 211 2530 .
249 2492 299 2529 Et
332 2493 499 2529 illustrat
530 2505 638 2531 sacro
670 2494 761 2544 zelo,

251 2549 538 2587 Tormentorum
572 2554 611 2586 ut
643 2551 680 2587 in
711 2551 819 2597 prelo

308 2606 448 2643 Rideat
480 2607 649 2644 victoria.

136 2698 157 2733 9
174 2707 208 2735 a.
250 2696 353 2733 Rosa
384 2694 511 2742 flagris
542 2695 757 2742 flagellatur

248 2753 297 2788 Et
329 2752 413 2798 plus
444 2753 535 2789 trita
568 2753 769 2789 decoratur

302 2808 422 2858 Rotis,
458 2809 573 2845 clavis
605 2809 747 2858 media,

979 1000 1049 1039 lb.
1097 1000 1225 1047 Virgo,
1258 1010 1404 1047 gemma
1435 1000 1643 1049 virginalis,

1098 1057 1241 1094 Norma
1272 1058 1372 1094 vitae
1402 1056 1659 1104 triumphalis,

1154 1113 1233 1150 Nos
1265 1124 1434 1161 pugnare
1467 1113 1604 1151 docuit.

977 1218 998 1253 2
1013 1215 1048 1253 b.
1096 1216 1185 1252 Flos
1202 1216 1239 1252 in
1256 1215 1390 1252 bruma
1406 1215 1492 1263 plus
1509 1215 1693 1261 vernavit,

1101 1271 1293 1309 Idolatras
1326 1272 1413 1309 dum
1435 1271 1611 1318 perflavit

1157 1328 1367 1376 Congelans
1398 1329 1556 1368 malitia.

974 1434 995 1469 3
1012 1431 1047 1468 b.
1096 1431 1227 1468 Nescit
1260 1430 1521 1468 immunditiae

1155 1487 1434 1524 Blandimentis
1464 1487 1612 1527 cedere.

974 1589 1047 1627 41).
1098 1589 1173 1627 Sed
1207 1590 1317 1626 dulce
1347 1587 1598 1639 naufragium,

1094 1646 1284 1683 Mellitum
1315 1646 1559 1693 absynthium

1150 1703 1412 1750 Dedignanter
1442 1703 1572 1750 abigit.

970 1807 990 1842 5
1008 1804 1044 1842 b.
1090 1805 1189 1842 Dum
1218 1805 1255 1841 in
1278 1805 1399 1851 patris
1421 1804 1530 1841 tectis
1552 1808 1688 1854 manet,

1093 1863 1136 1899 In
1169 1866 1331 1909 tyranno
1362 1861 1496 1898 bruma
1527 1865 1651 1908 canet,

1148 1918 1275 1966 Surgit
1305 1917 1374 1955 flos
1405 1918 1575 1956 audacia.

972 2019 1046 2058 Gb.
1093 2020 1372 2067 Quinquaginta
1404 2019 1475 2057 viri
1508 2019 1610 2056 docti

1091 2076 1184 2113 Sunt
1209 2077 1392 2120 conversi,
1415 2075 1576 2113 flammis
1593 2076 1689 2113 cocti

1147 2133 1220 2169 Pro
1252 2132 1358 2169 vitali
1388 2132 1521 2179 gloria.

969 2234 1041 2272 7b.
1092 2234 1206 2281 Rosa,
1238 2235 1343 2279 110115,
1375 2234 1645 2280 incarceratur,

1087 2291 1198 2328 Hanc
1230 2291 1358 2338 regina
1389 2291 1617 2337 consolatur,

1145 2348 1348 2395 Porphyrii
1380 2348 1493 2388 socia.

962 2438 1036 2476 81).
1082 2439 1251 2485 Angelus
1284 2438 1381 2476 113110
1412 2438 1643 2484 consolatur,

1086 2494 1162 2531 Nix
1195 2496 1325 2541 regina
1356 2499 1528 2532 roseatur

1085 2551 1178 2587 Tam
1227 2552 1406 2588 decenter
1451 2556 1488 2588 01
1528 2555 1685 2587 ornatur

1136 2608 1287 2644 Morum
1319 2618 1388 2654 per
1420 2607 1589 2645 crinalia.

956 2704 977 2735 1»
998 2697 1034 2735 1).
1083 2699 1199 2735 Rotas
1231 2698 1298 2736 1135
1331 2700 1506 2738 Crasates
1542 2699 1643 2746 fecit,

1078 2755 1246 2801 Angelus
1279 2760 1381 2793 rotas
1414 2756 1551 2793 deiecit

1135 2813 1324 2857 Quattuor
1354 2816 1531 2849 sternens
1562 2813 1679 2851 milia.
