<?xml version="1.0" encoding="UTF-8"?>
<!DOCTYPE html PUBLIC "-//W3C//DTD XHTML 1.0 Transitional//EN"
    "http://www.w3.org/TR/xhtml1/DTD/xhtml1-transitional.dtd">
<html xmlns="http://www.w3.org/1999/xhtml" xml:lang="en" lang="en">
 <head>
  <title>
</title>
<meta http-equiv="Content-Type" content="text/html;charset=utf-8" />
  <meta name='ocr-system' content='tesseract 3.04.00' />
  <meta name='ocr-capabilities' content='ocr_page ocr_carea ocr_par ocr_line ocrx_word'/>
</head>
<body>
  <div class='ocr_page' id='page_1' title='image "./analectahymnicam50drevuoft/analectahymnicam50drevuoft_0205.png"; bbox 0 0 1785 3111; ppageno 0'>
   <div class='ocr_carea' id='block_1_1' title="bbox 310 2304 375 2343">
    <p class='ocr_par' dir='ltr' id='par_1_1' title="bbox 310 2304 375 2343">
     <span class='ocr_line' id='line_1_1' title="bbox 310 2304 375 2343; baseline 0.015 -1"><span class='ocrx_word' id='word_1_1' title='bbox 310 2304 375 2343; x_wconf 90' lang='lat'>10.</span> 
     </span>
    </p>
   </div>
   <div class='ocr_carea' id='block_1_2' title="bbox 316 2565 380 2605">
    <p class='ocr_par' dir='ltr' id='par_1_2' title="bbox 316 2565 380 2605">
     <span class='ocr_line' id='line_1_2' title="bbox 316 2565 380 2605; baseline 0.031 -2"><span class='ocrx_word' id='word_1_2' title='bbox 316 2565 380 2605; x_wconf 90' lang='lat'>11.</span> 
     </span>
    </p>
   </div>
   <div class='ocr_carea' id='block_1_3' title="bbox 697 98 999 138">
    <p class='ocr_par' dir='ltr' id='par_1_3' title="bbox 697 98 999 138">
     <span class='ocr_line' id='line_1_3' title="bbox 697 98 999 138; baseline 0.003 -1"><span class='ocrx_word' id='word_1_3' title='bbox 697 98 999 138; x_wconf 78' lang='lat'>—191—</span> 
     </span>
    </p>
   </div>
   <div class='ocr_carea' id='block_1_4' title="bbox 423 212 1312 430">
    <p class='ocr_par' dir='ltr' id='par_1_4' title="bbox 423 212 1312 319">
     <span class='ocr_line' id='line_1_4' title="bbox 423 212 1312 261; baseline 0.002 -13"><span class='ocrx_word' id='word_1_4' title='bbox 423 212 555 258; x_wconf 87' lang='lat' dir='ltr'>Agnus</span> <span class='ocrx_word' id='word_1_5' title='bbox 586 223 721 259; x_wconf 81' lang='lat' dir='ltr'>nempe</span> <span class='ocrx_word' id='word_1_6' title='bbox 752 224 860 250; x_wconf 84' lang='lat' dir='ltr'>sacer</span> <span class='ocrx_word' id='word_1_7' title='bbox 894 217 1023 260; x_wconf 86' lang='lat' dir='ltr'>patres</span> <span class='ocrx_word' id='word_1_8' title='bbox 1058 213 1104 250; x_wconf 89' lang='lat' dir='ltr'>de</span> <span class='ocrx_word' id='word_1_9' title='bbox 1135 215 1312 261; x_wconf 69' lang='lat' dir='ltr'>Aegypto</span> 
     </span>
     <span class='ocr_line' id='line_1_5' title="bbox 425 269 1054 319; baseline -0.002 -12"><span class='ocrx_word' id='word_1_10' title='bbox 425 269 524 307; x_wconf 91' lang='lat' dir='ltr'>Olim</span> <span class='ocrx_word' id='word_1_11' title='bbox 557 269 741 306; x_wconf 78' lang='lat' dir='ltr'>eduxerat</span> <span class='ocrx_word' id='word_1_12' title='bbox 773 271 874 307; x_wconf 88' lang='lat' dir='ltr'>edito</span> <span class='ocrx_word' id='word_1_13' title='bbox 908 281 1054 319; x_wconf 83' lang='lat' dir='ltr'>cruore,</span> 
     </span>
    </p>

    <p class='ocr_par' dir='ltr' id='par_1_5' title="bbox 423 326 1270 430">
     <span class='ocr_line' id='line_1_6' title="bbox 423 326 1270 373; baseline 0 -10"><span class='ocrx_word' id='word_1_14' title='bbox 423 326 473 363; x_wconf 85' lang='lat' dir='ltr'>Et</span> <span class='ocrx_word' id='word_1_15' title='bbox 506 337 604 362; x_wconf 84' lang='lat' dir='ltr'>nune</span> <span class='ocrx_word' id='word_1_16' title='bbox 635 327 816 373; x_wconf 86' lang='lat' dir='ltr'>sanguine</span> <span class='ocrx_word' id='word_1_17' title='bbox 849 328 1022 365; x_wconf 81' lang='lat' dir='ltr'>Christus</span> <span class='ocrx_word' id='word_1_18' title='bbox 1055 338 1074 363; x_wconf 89' lang='lat' dir='ltr'>e</span> <span class='ocrx_word' id='word_1_19' title='bbox 1102 327 1270 364; x_wconf 87' lang='lat' dir='ltr'>tenebris</span> 
     </span>
     <span class='ocr_line' id='line_1_7' title="bbox 424 380 1094 430; baseline 0 -10"><span class='ocrx_word' id='word_1_20' title='bbox 424 380 679 420; x_wconf 88' lang='lat' dir='ltr'>Infernalibus</span> <span class='ocrx_word' id='word_1_21' title='bbox 707 384 790 430; x_wconf 89' lang='lat' dir='ltr'>ipse</span> <span class='ocrx_word' id='word_1_22' title='bbox 820 395 887 421; x_wconf 89' lang='lat' dir='ltr'>nos</span> <span class='ocrx_word' id='word_1_23' title='bbox 921 384 1094 424; x_wconf 86' lang='lat' dir='ltr'>redemit.</span> 
     </span>
    </p>
   </div>
   <div class='ocr_carea' id='block_1_5' title="bbox 424 473 1313 691">
    <p class='ocr_par' dir='ltr' id='par_1_6' title="bbox 424 473 1313 691">
     <span class='ocr_line' id='line_1_8' title="bbox 430 473 1156 521; baseline 0.003 -12"><span class='ocrx_word' id='word_1_24' title='bbox 430 473 501 519; x_wconf 85' lang='lat' dir='ltr'>Qui</span> <span class='ocrx_word' id='word_1_25' title='bbox 533 474 631 510; x_wconf 89' lang='lat' dir='ltr'>sicut</span> <span class='ocrx_word' id='word_1_26' title='bbox 660 475 841 520; x_wconf 79' lang='lat' dir='ltr'>populun]</span> <span class='ocrx_word' id='word_1_27' title='bbox 874 475 961 511; x_wconf 89' lang='lat' dir='ltr'>tulit</span> <span class='ocrx_word' id='word_1_28' title='bbox 991 475 1156 521; x_wconf 79' lang='lat' dir='ltr'>priorem</span> 
     </span>
     <span class='ocr_line' id='line_1_9' title="bbox 427 530 1313 578; baseline 0.002 -12"><span class='ocrx_word' id='word_1_29' title='bbox 427 531 498 567; x_wconf 90' lang='lat' dir='ltr'>Per</span> <span class='ocrx_word' id='word_1_30' title='bbox 529 530 684 567; x_wconf 85' lang='lat' dir='ltr'>rubrum</span> <span class='ocrx_word' id='word_1_31' title='bbox 717 542 820 568; x_wconf 84' lang='lat' dir='ltr'>mare</span> <span class='ocrx_word' id='word_1_32' title='bbox 851 532 958 568; x_wconf 87' lang='lat' dir='ltr'>hoste</span> <span class='ocrx_word' id='word_1_33' title='bbox 988 531 1042 567; x_wconf 91' lang='lat' dir='ltr'>ibi</span> <span class='ocrx_word' id='word_1_34' title='bbox 1072 532 1313 578; x_wconf 81' lang='lat' dir='ltr'>interempto⁷</span> 
     </span>
     <span class='ocr_line' id='line_1_10' title="bbox 424 587 1132 634; baseline 0 -10"><span class='ocrx_word' id='word_1_35' title='bbox 424 587 488 625; x_wconf 87' lang='lat' dir='ltr'>Sic</span> <span class='ocrx_word' id='word_1_36' title='bbox 519 587 747 633; x_wconf 86' lang='lat' dir='ltr'>baptismate</span> <span class='ocrx_word' id='word_1_37' title='bbox 778 599 921 634; x_wconf 84' lang='lat' dir='ltr'>nosque</span> <span class='ocrx_word' id='word_1_38' title='bbox 952 588 1132 625; x_wconf 88' lang='lat' dir='ltr'>liberavit</span> 
     </span>
     <span class='ocr_line' id='line_1_11' title="bbox 424 643 1147 691; baseline 0.001 -11"><span class='ocrx_word' id='word_1_39' title='bbox 424 643 628 681; x_wconf 88' lang='lat' dir='ltr'>Submerso</span> <span class='ocrx_word' id='word_1_40' title='bbox 658 645 793 681; x_wconf 79' lang='lat' dir='ltr'>zabulo</span> <span class='ocrx_word' id='word_1_41' title='bbox 824 645 927 681; x_wconf 90' lang='lat' dir='ltr'>unda</span> <span class='ocrx_word' id='word_1_42' title='bbox 959 645 1147 691; x_wconf 79' lang='lat' dir='ltr'>passionis</span> 
     </span>
    </p>
   </div>
   <div class='ocr_carea' id='block_1_6' title="bbox 422 734 1248 952">
    <p class='ocr_par' dir='ltr' id='par_1_7' title="bbox 422 734 1248 952">
     <span class='ocr_line' id='line_1_12' title="bbox 423 734 1229 781; baseline -0.001 -9"><span class='ocrx_word' id='word_1_43' title='bbox 423 735 521 772; x_wconf 87' lang='lat' dir='ltr'>Nam</span> <span class='ocrx_word' id='word_1_44' title='bbox 553 735 695 772; x_wconf 85' lang='lat' dir='ltr'>Iudaea</span> <span class='ocrx_word' id='word_1_45' title='bbox 724 734 889 773; x_wconf 83' lang='lat' dir='ltr'>fremens</span> <span class='ocrx_word' id='word_1_46' title='bbox 919 746 1049 772; x_wconf 81' lang='lat' dir='ltr'>necem</span> <span class='ocrx_word' id='word_1_47' title='bbox 1082 736 1229 781; x_wconf 85' lang='lat' dir='ltr'>paravit</span> 
     </span>
     <span class='ocr_line' id='line_1_13' title="bbox 423 791 1248 839; baseline 0 -10"><span class='ocrx_word' id='word_1_48' title='bbox 423 792 574 830; x_wconf 87' lang='lat' dir='ltr'>Christo</span> <span class='ocrx_word' id='word_1_49' title='bbox 605 791 748 828; x_wconf 88' lang='lat' dir='ltr'>inferre</span> <span class='ocrx_word' id='word_1_50' title='bbox 780 792 902 828; x_wconf 75' lang='lat' dir='ltr'>crucis</span> <span class='ocrx_word' id='word_1_51' title='bbox 936 793 1022 829; x_wconf 89' lang='lat' dir='ltr'>dolo</span> <span class='ocrx_word' id='word_1_52' title='bbox 1055 793 1248 839; x_wconf 82' lang='lat' dir='ltr'>magistro,</span> 
     </span>
     <span class='ocr_line' id='line_1_14' title="bbox 422 849 1141 895; baseline 0 -10"><span class='ocrx_word' id='word_1_53' title='bbox 422 850 541 894; x_wconf 80' lang='lat' dir='ltr'>Quam</span> <span class='ocrx_word' id='word_1_54' title='bbox 572 849 707 886; x_wconf 88' lang='lat' dir='ltr'>sedare</span> <span class='ocrx_word' id='word_1_55' title='bbox 739 850 868 895; x_wconf 88' lang='lat' dir='ltr'>nequit</span> <span class='ocrx_word' id='word_1_56' title='bbox 897 849 961 895; x_wconf 88' lang='lat' dir='ltr'>pia</span> <span class='ocrx_word' id='word_1_57' title='bbox 992 849 1141 886; x_wconf 86' lang='lat' dir='ltr'>medela</span> 
     </span>
     <span class='ocr_line' id='line_1_15' title="bbox 422 905 1174 952; baseline 0.001 -10"><span class='ocrx_word' id='word_1_58' title='bbox 422 906 503 942; x_wconf 87' lang='lat' dir='ltr'>Nec</span> <span class='ocrx_word' id='word_1_59' title='bbox 533 905 640 943; x_wconf 90' lang='lat' dir='ltr'>verbi</span> <span class='ocrx_word' id='word_1_60' title='bbox 673 906 837 942; x_wconf 86' lang='lat' dir='ltr'>studium</span> <span class='ocrx_word' id='word_1_61' title='bbox 872 905 957 943; x_wconf 89' lang='lat' dir='ltr'>boni</span> <span class='ocrx_word' id='word_1_62' title='bbox 991 906 1174 952; x_wconf 84' lang='lat' dir='ltr'>parentis,</span> 
     </span>
    </p>
   </div>
   <div class='ocr_carea' id='block_1_7' title="bbox 420 996 1276 1214">
    <p class='ocr_par' dir='ltr' id='par_1_8' title="bbox 420 996 1276 1214">
     <span class='ocr_line' id='line_1_16' title="bbox 420 996 1258 1045; baseline -0.001 -11"><span class='ocrx_word' id='word_1_63' title='bbox 420 996 619 1034; x_wconf 85' lang='lat' dir='ltr'>Prendunt</span> <span class='ocrx_word' id='word_1_64' title='bbox 649 1000 731 1033; x_wconf 85' lang='lat' dir='ltr'>arte</span> <span class='ocrx_word' id='word_1_65' title='bbox 761 1008 859 1033; x_wconf 85' lang='lat' dir='ltr'>nova</span> <span class='ocrx_word' id='word_1_66' title='bbox 890 997 1076 1045; x_wconf 82' lang='lat' dir='ltr'>prodente</span> <span class='ocrx_word' id='word_1_67' title='bbox 1108 997 1258 1033; x_wconf 87' lang='lat' dir='ltr'>alumno</span> 
     </span>
     <span class='ocr_line' id='line_1_17' title="bbox 420 1053 1223 1100; baseline 0.002 -11"><span class='ocrx_word' id='word_1_68' title='bbox 420 1053 623 1090; x_wconf 82' lang='lat' dir='ltr'>Doctorem</span> <span class='ocrx_word' id='word_1_69' title='bbox 656 1053 839 1099; x_wconf 86' lang='lat' dir='ltr'>manibus,</span> <span class='ocrx_word' id='word_1_70' title='bbox 873 1053 1026 1090; x_wconf 83' lang='lat' dir='ltr'>trahunt</span> <span class='ocrx_word' id='word_1_71' title='bbox 1057 1054 1223 1100; x_wconf 81' lang='lat' dir='ltr'>ligando,</span> 
     </span>
     <span class='ocr_line' id='line_1_18' title="bbox 422 1109 1124 1157; baseline 0 -10"><span class='ocrx_word' id='word_1_72' title='bbox 422 1110 594 1147; x_wconf 82' lang='lat' dir='ltr'>Tradunt</span> <span class='ocrx_word' id='word_1_73' title='bbox 627 1109 797 1156; x_wconf 87' lang='lat' dir='ltr'>pontifici</span> <span class='ocrx_word' id='word_1_74' title='bbox 830 1111 916 1147; x_wconf 89' lang='lat' dir='ltr'>dein</span> <span class='ocrx_word' id='word_1_75' title='bbox 948 1114 1124 1157; x_wconf 68' lang='lat' dir='ltr'>tyranno,</span> 
     </span>
     <span class='ocr_line' id='line_1_19' title="bbox 421 1166 1276 1214; baseline -0.001 -9"><span class='ocrx_word' id='word_1_76' title='bbox 421 1168 613 1205; x_wconf 87' lang='lat' dir='ltr'>Insontem</span> <span class='ocrx_word' id='word_1_77' title='bbox 644 1171 685 1203; x_wconf 88' lang='lat' dir='ltr'>ut</span> <span class='ocrx_word' id='word_1_78' title='bbox 718 1167 859 1204; x_wconf 81' lang='lat' dir='ltr'>cruciet</span> <span class='ocrx_word' id='word_1_79' title='bbox 890 1168 993 1214; x_wconf 86' lang='lat' dir='ltr'>pium</span> <span class='ocrx_word' id='word_1_80' title='bbox 1025 1178 1069 1204; x_wconf 85' lang='lat' dir='ltr'>ao</span> <span class='ocrx_word' id='word_1_81' title='bbox 1098 1166 1276 1214; x_wconf 79' lang='lat' dir='ltr'>flagellet.</span> 
     </span>
    </p>
   </div>
   <div class='ocr_carea' id='block_1_8' title="bbox 419 1258 1311 1477">
    <p class='ocr_par' dir='ltr' id='par_1_9' title="bbox 419 1258 1311 1477">
     <span class='ocr_line' id='line_1_20' title="bbox 420 1258 1311 1306; baseline -0.001 -10"><span class='ocrx_word' id='word_1_82' title='bbox 420 1259 511 1296; x_wconf 83' lang='lat' dir='ltr'>Post</span> <span class='ocrx_word' id='word_1_83' title='bbox 542 1269 636 1305; x_wconf 88' lang='lat' dir='ltr'>quae</span> <span class='ocrx_word' id='word_1_84' title='bbox 669 1258 759 1295; x_wconf 89' lang='lat' dir='ltr'>dant</span> <span class='ocrx_word' id='word_1_85' title='bbox 790 1259 936 1306; x_wconf 87' lang='lat' dir='ltr'>alapas,</span> <span class='ocrx_word' id='word_1_86' title='bbox 969 1264 1120 1295; x_wconf 87' lang='lat' dir='ltr'>vomunt</span> <span class='ocrx_word' id='word_1_87' title='bbox 1153 1259 1311 1296; x_wconf 86' lang='lat' dir='ltr'>salivam</span> 
     </span>
     <span class='ocr_line' id='line_1_21' title="bbox 419 1314 1233 1362; baseline 0.001 -11"><span class='ocrx_word' id='word_1_88' title='bbox 419 1315 465 1352; x_wconf 92' lang='lat' dir='ltr'>In</span> <span class='ocrx_word' id='word_1_89' title='bbox 494 1326 641 1352; x_wconf 87' lang='lat' dir='ltr'>sacram</span> <span class='ocrx_word' id='word_1_90' title='bbox 674 1314 808 1352; x_wconf 85' lang='lat' dir='ltr'>faciem</span> <span class='ocrx_word' id='word_1_91' title='bbox 841 1320 879 1352; x_wconf 88' lang='lat' dir='ltr'>et</span> <span class='ocrx_word' id='word_1_92' title='bbox 910 1320 1023 1362; x_wconf 85' lang='lat' dir='ltr'>caput</span> <span class='ocrx_word' id='word_1_93' title='bbox 1052 1319 1233 1353; x_wconf 83' lang='lat' dir='ltr'>coronant</span> 
     </span>
     <span class='ocr_line' id='line_1_22' title="bbox 420 1372 1258 1420; baseline 0 -11"><span class='ocrx_word' id='word_1_94' title='bbox 420 1372 558 1418; x_wconf 88' lang='lat' dir='ltr'>Spinis,</span> <span class='ocrx_word' id='word_1_95' title='bbox 591 1372 630 1409; x_wconf 91' lang='lat' dir='ltr'>in</span> <span class='ocrx_word' id='word_1_96' title='bbox 662 1383 773 1409; x_wconf 84' lang='lat' dir='ltr'>cruce</span> <span class='ocrx_word' id='word_1_97' title='bbox 805 1372 905 1409; x_wconf 86' lang='lat' dir='ltr'>hunc</span> <span class='ocrx_word' id='word_1_98' title='bbox 936 1377 1094 1419; x_wconf 87' lang='lat' dir='ltr'>repente</span> <span class='ocrx_word' id='word_1_99' title='bbox 1128 1372 1258 1420; x_wconf 82' lang='lat' dir='ltr'>figunt,</span> 
     </span>
     <span class='ocr_line' id='line_1_23' title="bbox 419 1428 1219 1477; baseline 0.003 -12"><span class='ocrx_word' id='word_1_100' title='bbox 419 1429 553 1466; x_wconf 90' lang='lat' dir='ltr'>Potum</span> <span class='ocrx_word' id='word_1_101' title='bbox 584 1428 635 1466; x_wconf 86' lang='lat' dir='ltr'>fel</span> <span class='ocrx_word' id='word_1_102' title='bbox 669 1429 866 1477; x_wconf 80' lang='lat' dir='ltr'>dederant,</span> <span class='ocrx_word' id='word_1_103' title='bbox 898 1430 998 1466; x_wconf 87' lang='lat' dir='ltr'>latus</span> <span class='ocrx_word' id='word_1_104' title='bbox 1030 1430 1219 1467; x_wconf 81' lang='lat' dir='ltr'>terebant.</span> 
     </span>
    </p>
   </div>
   <div class='ocr_carea' id='block_1_9' title="bbox 367 1520 1173 1567">
    <p class='ocr_par' dir='ltr' id='par_1_10' title="bbox 367 1520 1173 1567">
     <span class='ocr_line' id='line_1_24' title="bbox 367 1520 1173 1567; baseline -0.002 -8"><span class='ocrx_word' id='word_1_105' title='bbox 367 1551 376 1559; x_wconf 90' lang='lat'>.</span> <span class='ocrx_word' id='word_1_106' title='bbox 421 1520 612 1557; x_wconf 88' lang='lat' dir='ltr'>Emittens</span> <span class='ocrx_word' id='word_1_107' title='bbox 644 1520 806 1558; x_wconf 85' lang='lat' dir='ltr'>animam</span> <span class='ocrx_word' id='word_1_108' title='bbox 841 1521 954 1557; x_wconf 84' lang='lat' dir='ltr'>chaos</span> <span class='ocrx_word' id='word_1_109' title='bbox 984 1524 1173 1567; x_wconf 83' lang='lat' dir='ltr'>penetrat,</span> 
     </span>
    </p>
   </div>
   <div class='ocr_carea' id='block_1_10' title="bbox 421 1576 1294 1739">
    <p class='ocr_par' dir='ltr' id='par_1_11' title="bbox 421 1576 1294 1739">
     <span class='ocr_line' id='line_1_25' title="bbox 424 1576 1294 1625; baseline 0.001 -12"><span class='ocrx_word' id='word_1_110' title='bbox 424 1577 598 1614; x_wconf 88' lang='lat' dir='ltr'>Christus</span> <span class='ocrx_word' id='word_1_111' title='bbox 629 1577 761 1614; x_wconf 84' lang='lat' dir='ltr'>mortis</span> <span class='ocrx_word' id='word_1_112' title='bbox 792 1588 908 1614; x_wconf 88' lang='lat' dir='ltr'>ovans</span> <span class='ocrx_word' id='word_1_113' title='bbox 941 1576 1075 1624; x_wconf 81' lang='lat' dir='ltr'>fugans</span> <span class='ocrx_word' id='word_1_114' title='bbox 1105 1577 1294 1625; x_wconf 80' lang='lat' dir='ltr'>tenebras,</span> 
     </span>
     <span class='ocr_line' id='line_1_26' title="bbox 421 1634 1089 1682; baseline -0.003 -10"><span class='ocrx_word' id='word_1_115' title='bbox 421 1635 547 1672; x_wconf 90' lang='lat' dir='ltr'>Iustos</span> <span class='ocrx_word' id='word_1_116' title='bbox 579 1634 730 1680; x_wconf 86' lang='lat' dir='ltr'>eripuit,</span> <span class='ocrx_word' id='word_1_117' title='bbox 764 1635 897 1681; x_wconf 84' lang='lat' dir='ltr'>ligavit</span> <span class='ocrx_word' id='word_1_118' title='bbox 927 1635 1089 1682; x_wconf 85' lang='lat' dir='ltr'>hostem,</span> 
     </span>
     <span class='ocr_line' id='line_1_27' title="bbox 421 1691 1215 1739; baseline -0.001 -11"><span class='ocrx_word' id='word_1_119' title='bbox 421 1691 577 1728; x_wconf 86' lang='lat' dir='ltr'>Donans</span> <span class='ocrx_word' id='word_1_120' title='bbox 608 1695 713 1728; x_wconf 84' lang='lat' dir='ltr'>astra</span> <span class='ocrx_word' id='word_1_121' title='bbox 743 1691 830 1739; x_wconf 87' lang='lat' dir='ltr'>piis,</span> <span class='ocrx_word' id='word_1_122' title='bbox 863 1692 1032 1729; x_wconf 89' lang='lat' dir='ltr'>dolorem</span> <span class='ocrx_word' id='word_1_123' title='bbox 1064 1691 1215 1738; x_wconf 82' lang='lat' dir='ltr'>iniquis.</span> 
     </span>
    </p>
   </div>
   <div class='ocr_carea' id='block_1_11' title="bbox 422 1781 1205 2000">
    <p class='ocr_par' dir='ltr' id='par_1_12' title="bbox 422 1781 1205 2000">
     <span class='ocr_line' id='line_1_28' title="bbox 424 1781 1136 1829; baseline 0 -10"><span class='ocrx_word' id='word_1_124' title='bbox 424 1781 553 1829; x_wconf 81' lang='lat' dir='ltr'>Surgit</span> <span class='ocrx_word' id='word_1_125' title='bbox 587 1781 752 1819; x_wconf 86' lang='lat' dir='ltr'>diluculo</span> <span class='ocrx_word' id='word_1_126' title='bbox 783 1794 804 1819; x_wconf 87' lang='lat' dir='ltr'>a</span> <span class='ocrx_word' id='word_1_127' title='bbox 836 1793 972 1828; x_wconf 88' lang='lat' dir='ltr'>sopore</span> <span class='ocrx_word' id='word_1_128' title='bbox 1004 1783 1136 1819; x_wconf 86' lang='lat' dir='ltr'>mortis</span> 
     </span>
     <span class='ocr_line' id='line_1_29' title="bbox 423 1838 1165 1886; baseline 0 -10"><span class='ocrx_word' id='word_1_129' title='bbox 423 1838 599 1876; x_wconf 83' lang='lat' dir='ltr'>Salvator</span> <span class='ocrx_word' id='word_1_130' title='bbox 629 1839 782 1885; x_wconf 82' lang='lat' dir='ltr'>placide</span> <span class='ocrx_word' id='word_1_131' title='bbox 813 1840 947 1886; x_wconf 80' lang='lat' dir='ltr'>angelo</span> <span class='ocrx_word' id='word_1_132' title='bbox 978 1840 1165 1885; x_wconf 88' lang='lat' dir='ltr'>ministro,</span> 
     </span>
     <span class='ocr_line' id='line_1_30' title="bbox 422 1895 1145 1945; baseline 0 -12"><span class='ocrx_word' id='word_1_133' title='bbox 422 1895 609 1933; x_wconf 82' lang='lat' dir='ltr'>Custodes</span> <span class='ocrx_word' id='word_1_134' title='bbox 641 1896 825 1945; x_wconf 83' lang='lat' dir='ltr'>pavitant,</span> <span class='ocrx_word' id='word_1_135' title='bbox 860 1897 913 1942; x_wconf 89' lang='lat' dir='ltr'>pii</span> <span class='ocrx_word' id='word_1_136' title='bbox 945 1897 1145 1943; x_wconf 86' lang='lat' dir='ltr'>resultant,</span> 
     </span>
     <span class='ocr_line' id='line_1_31' title="bbox 424 1951 1205 2000; baseline 0 -10"><span class='ocrx_word' id='word_1_137' title='bbox 424 1951 602 1990; x_wconf 84' lang='lat' dir='ltr'>Gaudent</span> <span class='ocrx_word' id='word_1_138' title='bbox 635 1953 826 2000; x_wconf 77' lang='lat' dir='ltr'>discipuli,</span> <span class='ocrx_word' id='word_1_139' title='bbox 859 1953 980 1990; x_wconf 90' lang='lat' dir='ltr'>invidi</span> <span class='ocrx_word' id='word_1_140' title='bbox 1014 1953 1205 1991; x_wconf 84' lang='lat' dir='ltr'>dolebant.</span> 
     </span>
    </p>
   </div>
   <div class='ocr_carea' id='block_1_12' title="bbox 422 2043 1345 2261">
    <p class='ocr_par' dir='ltr' id='par_1_13' title="bbox 422 2043 1275 2207">
     <span class='ocr_line' id='line_1_32' title="bbox 423 2043 1229 2091; baseline -0.002 -9"><span class='ocrx_word' id='word_1_141' title='bbox 423 2043 608 2090; x_wconf 83' lang='lat' dir='ltr'>Cognovit</span> <span class='ocrx_word' id='word_1_142' title='bbox 638 2044 764 2081; x_wconf 87' lang='lat' dir='ltr'>Maria</span> <span class='ocrx_word' id='word_1_143' title='bbox 796 2055 841 2080; x_wconf 78' lang='lat' dir='ltr'>ex</span> <span class='ocrx_word' id='word_1_144' title='bbox 874 2055 965 2081; x_wconf 91' lang='lat' dir='ltr'>sono</span> <span class='ocrx_word' id='word_1_145' title='bbox 996 2044 1229 2091; x_wconf 76' lang='lat' dir='ltr'>magistrum,</span> 
     </span>
     <span class='ocr_line' id='line_1_33' title="bbox 423 2099 1275 2149; baseline 0 -11"><span class='ocrx_word' id='word_1_146' title='bbox 423 2099 588 2138; x_wconf 84' lang='lat' dir='ltr'>Thomas</span> <span class='ocrx_word' id='word_1_147' title='bbox 620 2112 764 2147; x_wconf 86' lang='lat' dir='ltr'>perque</span> <span class='ocrx_word' id='word_1_148' title='bbox 795 2102 894 2138; x_wconf 82' lang='lat' dir='ltr'>latus</span> <span class='ocrx_word' id='word_1_149' title='bbox 926 2101 1048 2138; x_wconf 86' lang='lat' dir='ltr'>Deum</span> <span class='ocrx_word' id='word_1_150' title='bbox 1080 2102 1275 2149; x_wconf 85' lang='lat' dir='ltr'>reclamat,</span> 
     </span>
     <span class='ocr_line' id='line_1_34' title="bbox 422 2156 1255 2207; baseline 0.001 -13"><span class='ocrx_word' id='word_1_151' title='bbox 422 2156 610 2204; x_wconf 82' lang='lat' dir='ltr'>Flagrans</span> <span class='ocrx_word' id='word_1_152' title='bbox 641 2158 714 2194; x_wconf 89' lang='lat' dir='ltr'>rite</span> <span class='ocrx_word' id='word_1_153' title='bbox 748 2158 881 2196; x_wconf 88' lang='lat' dir='ltr'>Petrus</span> <span class='ocrx_word' id='word_1_154' title='bbox 912 2158 993 2195; x_wconf 87' lang='lat' dir='ltr'>adit</span> <span class='ocrx_word' id='word_1_155' title='bbox 1025 2159 1255 2207; x_wconf 89' lang='lat' dir='ltr'>sepulcrum,</span> 
     </span>
    </p>

    <p class='ocr_par' dir='ltr' id='par_1_14' title="bbox 423 2214 1345 2261">
     <span class='ocr_line' id='line_1_35' title="bbox 423 2214 1345 2261; baseline 0.002 -10"><span class='ocrx_word' id='word_1_156' title='bbox 423 2215 467 2252; x_wconf 92' lang='lat' dir='ltr'>In</span> <span class='ocrx_word' id='word_1_157' title='bbox 497 2219 624 2251; x_wconf 89' lang='lat' dir='ltr'>monte</span> <span class='ocrx_word' id='word_1_158' title='bbox 654 2214 858 2251; x_wconf 85' lang='lat' dir='ltr'>Dominum</span> <span class='ocrx_word' id='word_1_159' title='bbox 889 2215 1140 2261; x_wconf 83' lang='lat' dir='ltr'>undecimque</span> <span class='ocrx_word' id='word_1_160' title='bbox 1171 2216 1345 2254; x_wconf 85' lang='lat' dir='ltr'>adorant.</span> 
     </span>
    </p>
   </div>
   <div class='ocr_carea' id='block_1_13' title="bbox 422 2303 1308 2525">
    <p class='ocr_par' dir='ltr' id='par_1_15' title="bbox 422 2303 1308 2525">
     <span class='ocr_line' id='line_1_36' title="bbox 422 2303 1201 2354; baseline 0.001 -13"><span class='ocrx_word' id='word_1_161' title='bbox 422 2305 533 2354; x_wconf 81' lang='lat' dir='ltr'>Quid,</span> <span class='ocrx_word' id='word_1_162' title='bbox 566 2305 721 2353; x_wconf 84' lang='lat' dir='ltr'>Iudaea,</span> <span class='ocrx_word' id='word_1_163' title='bbox 756 2303 850 2342; x_wconf 88' lang='lat' dir='ltr'>furis</span> <span class='ocrx_word' id='word_1_164' title='bbox 883 2306 964 2343; x_wconf 87' lang='lat' dir='ltr'>Deo</span> <span class='ocrx_word' id='word_1_165' title='bbox 997 2306 1201 2354; x_wconf 84' lang='lat' dir='ltr'>reluctans,</span> 
     </span>
     <span class='ocr_line' id='line_1_37' title="bbox 424 2362 1174 2411; baseline 0 -12"><span class='ocrx_word' id='word_1_166' title='bbox 424 2362 592 2408; x_wconf 82' lang='lat' dir='ltr'>Fingens</span> <span class='ocrx_word' id='word_1_167' title='bbox 623 2366 706 2399; x_wconf 88' lang='lat' dir='ltr'>arte</span> <span class='ocrx_word' id='word_1_168' title='bbox 734 2363 857 2399; x_wconf 88' lang='lat' dir='ltr'>scelus</span> <span class='ocrx_word' id='word_1_169' title='bbox 889 2363 975 2399; x_wconf 91' lang='lat' dir='ltr'>dolo</span> <span class='ocrx_word' id='word_1_170' title='bbox 1008 2366 1174 2411; x_wconf 86' lang='lat' dir='ltr'>reperto,</span> 
     </span>
     <span class='ocr_line' id='line_1_38' title="bbox 423 2417 1308 2466; baseline 0.002 -12"><span class='ocrx_word' id='word_1_171' title='bbox 423 2417 607 2455; x_wconf 85' lang='lat' dir='ltr'>Furatum</span> <span class='ocrx_word' id='word_1_172' title='bbox 641 2419 844 2465; x_wconf 83' lang='lat' dir='ltr'>crepitans,</span> <span class='ocrx_word' id='word_1_173' title='bbox 877 2419 939 2466; x_wconf 90' lang='lat' dir='ltr'>qui</span> <span class='ocrx_word' id='word_1_174' title='bbox 973 2424 1060 2456; x_wconf 83' lang='lat' dir='ltr'>ovat</span> <span class='ocrx_word' id='word_1_175' title='bbox 1092 2430 1308 2466; x_wconf 82' lang='lat' dir='ltr'>coruscans,</span> 
     </span>
     <span class='ocr_line' id='line_1_39' title="bbox 427 2475 1288 2525; baseline 0.002 -14"><span class='ocrx_word' id='word_1_176' title='bbox 427 2475 499 2521; x_wconf 83' lang='lat' dir='ltr'>Qui</span> <span class='ocrx_word' id='word_1_177' title='bbox 529 2475 709 2512; x_wconf 89' lang='lat' dir='ltr'>mundum</span> <span class='ocrx_word' id='word_1_178' title='bbox 742 2482 909 2525; x_wconf 82' lang='lat' dir='ltr'>reparat,</span> <span class='ocrx_word' id='word_1_179' title='bbox 943 2476 1058 2513; x_wconf 84' lang='lat' dir='ltr'>Satan</span> <span class='ocrx_word' id='word_1_180' title='bbox 1090 2476 1288 2514; x_wconf 78' lang='lat' dir='ltr'>trucidat?</span> 
     </span>
    </p>
   </div>
   <div class='ocr_carea' id='block_1_14' title="bbox 426 2565 1325 2785">
    <p class='ocr_par' dir='ltr' id='par_1_16' title="bbox 426 2565 1325 2785">
     <span class='ocr_line' id='line_1_40' title="bbox 428 2565 1240 2616; baseline 0.002 -14"><span class='ocrx_word' id='word_1_181' title='bbox 428 2565 606 2603; x_wconf 86' lang='lat' dir='ltr'>Laudant</span> <span class='ocrx_word' id='word_1_182' title='bbox 639 2570 752 2616; x_wconf 83' lang='lat' dir='ltr'>astra,</span> <span class='ocrx_word' id='word_1_183' title='bbox 787 2566 877 2614; x_wconf 75' lang='lat' dir='ltr'>poli,</span> <span class='ocrx_word' id='word_1_184' title='bbox 909 2576 1014 2603; x_wconf 86' lang='lat' dir='ltr'>mare</span> <span class='ocrx_word' id='word_1_185' title='bbox 1045 2567 1240 2614; x_wconf 88' lang='lat' dir='ltr'>solumque</span> 
     </span>
     <span class='ocr_line' id='line_1_41' title="bbox 426 2621 1275 2670; baseline 0.001 -11"><span class='ocrx_word' id='word_1_186' title='bbox 426 2621 645 2659; x_wconf 85' lang='lat' dir='ltr'>Gaudentes</span> <span class='ocrx_word' id='word_1_187' title='bbox 677 2623 877 2660; x_wconf 88' lang='lat' dir='ltr'>Dominum</span> <span class='ocrx_word' id='word_1_188' title='bbox 909 2624 1040 2660; x_wconf 90' lang='lat' dir='ltr'>videre</span> <span class='ocrx_word' id='word_1_189' title='bbox 1071 2624 1275 2670; x_wconf 87' lang='lat' dir='ltr'>Christum,</span> 
     </span>
     <span class='ocr_line' id='line_1_42' title="bbox 427 2678 1149 2729; baseline 0.003 -14"><span class='ocrx_word' id='word_1_190' title='bbox 427 2678 565 2716; x_wconf 85' lang='lat' dir='ltr'>Tristis</span> <span class='ocrx_word' id='word_1_191' title='bbox 597 2680 678 2716; x_wconf 91' lang='lat' dir='ltr'>sola</span> <span class='ocrx_word' id='word_1_192' title='bbox 711 2680 815 2716; x_wconf 90' lang='lat' dir='ltr'>doles</span> <span class='ocrx_word' id='word_1_193' title='bbox 846 2681 974 2727; x_wconf 90' lang='lat' dir='ltr'>iniqua</span> <span class='ocrx_word' id='word_1_194' title='bbox 1005 2680 1149 2729; x_wconf 86' lang='lat' dir='ltr'>fingens</span> 
     </span>
     <span class='ocr_line' id='line_1_43' title="bbox 427 2735 1325 2785; baseline 0.001 -11"><span class='ocrx_word' id='word_1_195' title='bbox 427 2735 591 2774; x_wconf 87' lang='lat' dir='ltr'>Consors</span> <span class='ocrx_word' id='word_1_196' title='bbox 624 2737 860 2783; x_wconf 84' lang='lat' dir='ltr'>daemonum,</span> <span class='ocrx_word' id='word_1_197' title='bbox 893 2737 1086 2785; x_wconf 81' lang='lat' dir='ltr'>particeps</span> <span class='ocrx_word' id='word_1_198' title='bbox 1118 2737 1325 2784; x_wconf 83' lang='lat' dir='ltr'>gehennae.</span> 
     </span>
    </p>
   </div>
   <div class='ocr_carea' id='block_1_15' title="bbox 162 2833 1421 2877">
    <p class='ocr_par' dir='ltr' id='par_1_17' title="bbox 162 2833 1421 2877">
     <span class='ocr_line' id='line_1_44' title="bbox 162 2833 1421 2877; baseline 0.002 -12"><span class='ocrx_word' id='word_1_199' title='bbox 162 2833 346 2867; x_wconf 86' lang='lat' dir='ltr'>Browerus</span> <span class='ocrx_word' id='word_1_200' title='bbox 370 2846 401 2877; x_wconf 90' lang='lat' dir='ltr'>p.</span> <span class='ocrx_word' id='word_1_201' title='bbox 431 2834 491 2877; x_wconf 81' lang='lat'>713</span> <span class='ocrx_word' id='word_1_202' title='bbox 518 2837 699 2869; x_wconf 80' lang='lat' dir='ltr'>Diimmler</span> <span class='ocrx_word' id='word_1_203' title='bbox 723 2839 768 2877; x_wconf 80' lang='grc' dir='ltr'>ΙΙ,</span> <span class='ocrx_word' id='word_1_204' title='bbox 795 2835 871 2870; x_wconf 83' lang='grc'><strong>249.</strong></span> <span class='ocrx_word' id='word_1_205' title='bbox 897 2855 938 2859; x_wconf 93' lang='grc'><strong>-</strong></span> <span class='ocrx_word' id='word_1_206' title='bbox 968 2836 1018 2877; x_wconf 82' lang='grc'>11,</span> <span class='ocrx_word' id='word_1_207' title='bbox 1045 2836 1065 2869; x_wconf 78' lang='grc'>2</span> <span class='ocrx_word' id='word_1_208' title='bbox 1090 2840 1209 2871; x_wconf 85' lang='lat' dir='ltr'>vivere</span> <span class='ocrx_word' id='word_1_209' title='bbox 1236 2838 1421 2870; x_wconf 84' lang='lat' dir='ltr'>Christum.</span> 
     </span>
    </p>
   </div>
  </div>
 </body>
</html>
