1785 3111
657 84 967 125 -40’5—

30 203 97 235 Str.
123 199 166 234 35
192 202 326 234 schiebt
351 202 367 233 1
392 201 459 233 Str.
490 197 510 231 6
535 199 595 231 des
621 198 815 240 Rhythmus
842 197 903 229 XI.
937 198 1005 229 ein.
1030 213 1074 217 ——
1110 192 1169 233 36,
1202 192 1223 227 3
1250 195 1297 227 Ut
1321 193 1462 224 divinae
1485 192 1526 224 G.
1553 208 1597 212 -—

32 246 85 287 36,
111 246 133 280 4
149 248 257 280 Lucis
283 247 372 291 dono
390 246 431 279 G.
460 263 504 269 —
522 244 588 277 Str.
615 242 658 276 36
686 245 738 276 bis
757 242 893 275 Sehluss
921 242 972 274 als
999 240 1259 282 selbstiindigen
1277 239 1355 271 Teil
1372 239 1413 270 N.
1443 255 1478 259 —
1500 233 1556 276 37,
1577 233 1599 267 2

32 295 181 336 primum
209 292 399 325 BFDHIK.
431 308 475 313 -—
500 288 559 330 39,
596 289 611 321 l
639 290 685 321 Et
710 290 757 326 N;
792 291 963 320 restauret
988 288 1046 328 H3
1076 286 1133 318 hic
1158 286 1236 317 HK.
1262 302 1304 306 —-
1329 282 1391 322 39,
1421 281 1443 315 3
1471 283 1518 315 Et
1543 292 1598 313 su-

31 342 160 371 stentat
183 339 235 378 N;
262 339 464 380 praesentat
487 339 522 368 et
545 338 719 368 sustentat
743 334 782 366 O.
810 354 851 357 —
877 331 932 370 39,
957 331 978 363 4
995 333 1066 364 Nos
1092 333 1172 363 tuis.
1198 349 1242 353 —
1267 328 1320 369 40,
1346 327 1367 362 3
1385 328 1528 361 Creator
1553 327 1598 359 da

30 387 151 416 nostra
183 384 287 415 corda
312 384 354 415 N.
381 400 422 404 ——
447 380 511 421 40,
543 379 565 413 4
590 381 707 413 Firma
733 383 853 412 sancto
880 379 1004 420 spiritu
1030 379 1071 409 N.
1098 396 1140 400 —
1166 375 1227 416 42,
1263 375 1283 406 2
1308 377 1403 407 Tuos
1429 375 1473 414 F,
1507 374 1598 406 Oves

31 434 110 462 tuas
135 429 175 461 O.
201 447 245 450 —
269 426 329 467 42,
365 426 386 460 3
412 438 502 470 quae
526 429 562 458 in
588 427 650 467 1³13
685 426 889 463 Liberatae,
915 423 1107 455 collocatae
1132 424 1174 455 N.
1200 439 1243 444 -—
1268 419 1328 460 42,
1363 418 1385 452 4
1410 422 1600 452 Laetentur

33 477 70 507 in
95 475 238 507 dextera
262 475 303 506 N.
331 491 372 496 —
399 473 496 506 Nach
523 473 590 505 Str.
615 470 659 504 43
685 471 821 503 schiebt
846 472 875 502 N
902 470 975 500 ein:

381 599 441 630 Ad
475 597 811 629 sanctissimam
836 594 919 626 Dei
953 593 1238 635 genetricem.

398 668 424 699 Ι.
863 661 894 694 2.
921 662 1031 694 Stella
1055 661 1137 702 poli,
1164 655 1280 698 maris,
1306 661 1383 697 soli,

968 705 1052 739 Sola
1077 706 1333 748 potentissima,

921 754 1031 785 Plena
1056 752 1143 789 luce,
1168 751 1308 783 Christo
1334 750 1420 782 duce

971 799 1070 830 Vitae
1095 806 1174 838 spes
1200 796 1405 827 certissima.

50 733 79 767 l.
105 736 134 768 Ο
159 735 284 774 Maria,
311 736 406 767 vitae
432 737 501 774 via,

150 781 241 812 Vitis
266 782 375 812 vitam
399 782 609 823 germinam,

108 827 247 858 Primae
272 827 376 858 sortis
403 827 530 857 damna
555 826 676 857 mortis

150 872 300 904 NOStrae
324 873 397 903 Vita
422 872 624 904 terminans*
866 888 897 922 3.
923 872 1037 921 Mater
1060 888 1162 926 facta,
1190 886 1249 918 sed
1276 888 1408 917 intaeta

968 933 1189 966 Blandientis
1215 933 1374 969 nexibus,

923 981 1035 1012 Mater
1059 978 1161 1016 facta,
1189 978 1248 1010 sed
1274 978 1406 1009 intacta

970 1026 1094 1057 Carnis
1120 1034 1141 1055 a
1167 1023 1419 1065 complexibus.

51 960 81 994 2.
107 962 288 1004 Templum
313 963 390 1000 Dei,
416 963 512 994 salus
539 963 598 1000 rei,

152 1008 266 1039 Mater
289 1009 383 1049 regis
408 1007 551 1049 gloriae,

109 1053 206 1085 Caeli
230 1056 340 1095 porta,
367 1063 436 1095 qua
461 1053 521 1084 lux
547 1056 632 1090 orta,

154 1098 304 1130 Nostrae
329 1109 408 1140 Spes
433 1102 613 1131 metonae·
867 1114 898 1148 4.
925 1119 1084 1149 Castrum
1110 1114 1224 1146 cordis
1252 1114 1389 1155 plenum
1417 1114 1529 1146 sordis

970 1162 1135 1202 Deprime
1162 1160 1341 1197 radicitus,

926 1208 974 1239 Ut
999 1216 1181 1248 perversus
1208 1215 1287 1236 mox
1313 1205 1499 1237 subversus

972 1254 1089 1284 Motus
1116 1252 1162 1282 sit
1186 1251 1344 1282 illicitus„

55 1187 86 1221 3.
112 1189 268 1231 Gignens
292 1192 412 1221 natum
438 1199 502 1221 nec
526 1193 679 1221 creatum

156 1236 238 1267 Sine
264 1236 369 1266 maris
395 1237 527 1267 semine

108 1280 217 1312 Partu
241 1281 340 1320 miro,
366 1290 487 1312 carens
512 1281 589 1312 viro

155 1325 285 1357 Contra
309 1336 439 1357 morem
465 1326 624 1358 feminae.

51 1414 84 1449 4.
109 1417 166 1448 Me
191 1420 297 1454 tuere,
324 1419 470 1448 stratum
496 1417 565 1448 fere

154 1462 329 1493 Vitiorum
354 1462 515 1504 pondere,

111 1508 208 1547 Quae
233 1507 350 1539 fovere
375 1518 468 1539 mors
494 1512 546 1539 est
569 1518 662 1544 vere,

156 1553 305 1584 Prorsus
330 1564 422 1585 mors
448 1553 645 1585 recondere.

872 1444 900 1477 l.
927 1446 956 1476 O
981 1446 1106 1483 Maria,
1132 1447 1240 1476 mater
1266 1445 1334 1485 pia,

973 1491 1154 1523 Castitatis
1180 1489 1306 1527 lilium,

926 1538 1038 1569 Carne
1064 1535 1203 1574 munda,
1233 1545 1301 1576 qua
1329 1533 1474 1566 fecunda

974 1584 1040 1614 Dei
1066 1582 1181 1623 gignis
1209 1580 1328 1612 filium.

245 1714 252 1720 ,
390 1645 435 1676 Π.
868 1673 900 1706 2.
929 1673 1051 1706 Mundi
1076 1673 1206 1711 lumen,
1235 1671 1324 1703 caeli
1350 1680 1487 1706 numen,

57 1709 83 1743 Ῑ·
110 1712 138 1744 O
163 1712 517 1766 Mstl'1?⁷·matffl'·pia³
972 1719 1027 1751 Ex
1052 1722 1085 1750 te
1111 1728 1170 1749 rex
1197 1717 1385 1760 egreditur,

141 1757 331 1810 ’Gabriehs
355 1759 484 1790 famffle
929 1766 985 1797 Sic
1011 1768 1137 1796 natura
1159 1764 1274 1795 carnis
1301 1763 1378 1793 iura

109 1800 197 1835 Flde
221 1807 332 1846 graf&
358 1814 419 1846 Spe
440 1805 542 1835 beata
972 1811 1147 1852 Superans
1173 1807 1438 1849 transgreditur.

157 1849 262 1881 Sacro
289 1849 394 1891 plena
417 1850 568 1881 flamine.

329 1942 335 1947 ,
869 1900 899 1934 3.
925 1902 1007 1934 Flos
1032 1901 1187 1939 honoris,
1216 1900 1278 1930 flos
1305 1898 1450 1936 decoris,

54 1936 87 1970 2.
112 1940 225 1972 Mater
248 1940 367 1982 prolis,
393 1950 514 1972 carens
540 1939 640 1980 dolis,
972 1948 1053 1979 Flos
1080 1947 1205 1988 spineti
1234 1945 1359 1987 gloria,

157 1985 323 2027 Sl’essiOSa
346 1986 445 2025 faeie>
927 1993 981 2025 Ex
1007 1996 1040 2024 te
1066 1992 1189 2023 ductus
1216 1990 1319 2021 nobis
1345 1989 1475 2020 fructus

111 2030 221 2062 Stella
246 2031 341 2069 solis,
367 2041 516 2063 vernans
542 2030 644 2072 polis,
970 2039 1045 2070 Pax
1070 2041 1123 2068 est
1149 2040 1182 2068 et
1207 2035 1368 2067 victoria,

157 2076 227 2108 Vas
252 2077 413 2109 caelestis
437 2077 582 2118 gratiae.

871 2127 903 2161 4.
929 2130 1000 2162 Fac
1024 2138 1077 2159 me
1103 2137 1239 2159 servum
1266 2136 1336 2156 non
1362 2126 1571 2165 protervum,

54 2163 85 2198 3·
110 2167 182 2198 Vas
208 2167 365 2220 electum,
391 2177 453 2200 vas
478 2167 643 2199 dilectum
974 2175 1069 2206 Tuae
1096 2172 1192 2204 laudi
1219 2171 1384 2205 deditum,

159 2213 225 2244 Del
250 2214 504 2254 PYOVidenffiaQ
929 2221 996 2262 Spe
1023 2219 1146 2250 salutis
1173 2221 1207 2248 et
1231 2216 1384 2252 virtutis,

111 2257 182 2289 vas
208 2259 399 2300 provisum,
424 2263 504 2301 POSt
528 2259 682 2290 exeisum
974 2266 1047 2306 Ope
1073 2272 1207 2295 summa
1232 2261 1436 2303 praeditum.

160 2304 268 2335 Manu
293 2305 502 2346 sapientiae.

54 2392 85 2426 4.
110 2395 167 2428 Me
192 2399 299 2434 tuere,
325 2397 484 2436 quamvis
510 2404 607 2426 serae
1212 2375 1254 2407 V·

162 2442 290 2473 Datum
318 2441 566 2482 paenitentiae,
878 2458 894 2490 1

117 2485 190 2518 Scit
214 2486 388 2528 prodesse,
413 2497 483 2517 non
508 2486 630 2517 obesse

157 2532 253 2564 Tuae
277 2532 332 2563 vis
359 2532 546 2573 potentiae.

900 2483 908 2490 .
935 2458 963 2490 Ο
988 2458 1111 2492 Maria,
1139 2457 1233 2487 vitae
1259 2456 1328 2493 via,

976 2503 1086 2544 Virga
1110 2502 1236 2532 florens
1263 2510 1369 2532 aurea

931 2549 978 2581 Et
1006 2549 1126 2590 regina
1150 2548 1219 2578 iam
1245 2547 1367 2577 divina

977 2594 1173 2625 Sublimata
1200 2593 1330 2623 laurea.

378 2624 443 2656 III.

62 2687 91 2720 1.
115 2688 144 2720 O
169 2691 292 2728 Maria,
319 2693 413 2723 vitae
437 2692 507 2729 via,
876 2684 906 2717 2.
934 2685 1000 2717 Dei
1025 2684 1181 2721 thronus,
1206 2687 1325 2713 noster
1351 2682 1461 2713 bouus

161 2735 290 2768 Christi
316 2747 445 2778 sponsa
472 2736 624 2773 Domini,
978 2730 1084 2762 Cibus
1110 2732 1143 2760 et
1168 2727 1351 2764 mirabilis,

114 2779 254 2813 Ventris
277 2782 390 2814 fructu
415 2782 552 2823 dempto
580 2781 673 2812 luctu
932 2776 1032 2807 Vivis
1058 2774 1191 2805 cunctis
1216 2777 1250 2804 et
1275 2771 1445 2803 defunctis

160 2826 278 2858 Vitam
304 2827 449 2859 reddens
474 2828 617 2859 homini.
980 2821 1127 2852 Placens
1154 2822 1187 2850 et
1213 2817 1388 2849 amabilis.

117 2889 279 2919 Dreves‚
307 2887 510 2913 Lateinr'sche
532 2884 821 2920 Hymnendichter.
861 2881 903 2908 II.
1363 2870 1406 2904 30
