1785 3111
87 190 154 229 15.

89 462 158 501 16.

87 734 151 772 17.

88 1005 151 1044 18,

89 1277 154 1316 19.

86 1551 152 1589 20.

84 1822 150 1863 21.

91 2096 141 2133 22

87 2361 138 2398 23

703 73 1007 114 —433-

187 188 409 237 Vagientem
440 192 478 226 et
506 189 709 226 lactentem

244 244 482 284 Confovebas
513 245 667 293 gremio,

187 302 296 341 Servi
326 302 406 351 ille,
438 306 479 339 tu
510 302 672 339 ancillae

242 358 390 396 Functa
421 369 460 395 es
491 357 631 398 officio,

190 461 248 499 Tu
279 460 450 497 docentis
481 464 517 497 et
550 460 737 498 vescentis

244 517 325 556 Usa
355 527 395 554 es
426 518 656 568 praesentia,

186 574 240 612 Te
271 573 413 611 sciente
445 578 482 611 et
515 574 667 612 vidente

241 630 351 668 Fecit
381 631 587 671 mirabilia.

186 733 241 770 Te
271 737 472 780 praesente
503 737 541 769 et
569 736 744 770 monente

241 790 488 829 Consecravit
518 789 683 836 nuptias,

185 846 342 892 Quando
374 847 461 884 vino
492 846 689 893 repentino

240 903 313 941 Sex
343 903 518 950 implevit
549 902 721 950 hydrias.

187 1005 244 1042 Tu
276 1004 428 1042 divinae
460 1004 685 1051 disciplinae

243 1061 468 1099 Pascebaris
498 1061 632 1108 gratia,

184 1118 284 1155 Dum
322 1118 518 1165 signorum
551 1122 587 1155 et
616 1118 819 1156 verborum

241 1175 334 1212 Eius
366 1185 469 1212 esses
501 1175 665 1217 conscia.

185 1278 282 1324 Quot
313 1287 486 1324 angores,
518 1280 608 1324 quot
639 1277 790 1315 dolores

244 1334 325 1372 Tua
357 1334 476 1371 sensit
508 1334 645 1381 anima,⁷

186 1390 278 1428 Cum
286 1391 324 1428 in
334 1401 482 1428 crucem
491 1402 674 1428 summum
685 1391 817 1428 ducem

243 1447 346 1485 Gens
378 1447 520 1485 levavit
550 1448 734 1495 pessima!

185 1551 282 1597 Quot
303 1551 480 1598 lamenta,
503 1555 594 1598 quot
614 1555 816 1599 tormenta⁷

242 1608 381 1653 Quanti
413 1608 468 1644 tui
499 1608 672 1655 gemitus,

185 1664 279 1702 Cum
308 1675 377 1702 rex
408 1665 504 1702 caeli
535 1669 611 1702 tam
643 1664 789 1702 crudeli

242 1720 359 1758 Morti
392 1725 492 1759 esset
524 1721 710 1759 traditus!

184 1822 310 1861 Corde
340 1823 442 1861 tristi
472 1824 665 1873 pertulisti

243 1880 433 1918 Passionis
465 1881 645 1930 gladium,

185 1935 279 1974 Cum
310 1937 463 1974 irrisum
496 1941 533 1974 et
563 1937 726 1975 occisum

241 1993 363 2030 Tuum
395 1994 517 2031 cernis
546 1993 678 2033 filium.

148 2124 157 2134 .
189 2094 286 2132 Nam
309 2105 377 2132 rex
399 2106 554 2143 magnus
577 2096 680 2134 velut
701 2107 820 2144 agnus

244 2152 437 2189 Immolari
467 2153 587 2190 voluit

188 2207 237 2245 Et
269 2220 341 2255 par
367 2219 517 2246 crucem
547 2209 656 2247 nobis
687 2210 809 2247 lucem

246 2265 299 2302 Et
330 2266 491 2302 salutem
522 2266 666 2304 tribuit.

144 2389 153 2400 .
185 2361 278 2399 Eius
309 2372 433 2408 poena
466 2372 533 2399 nos
564 2362 614 2400 ad
644 2373 762 2409 regna

245 2418 425 2456 Provehit
458 2419 649 2467 caelestia,

189 2474 290 2512 Crux
321 2475 473 2512 virtutis
506 2479 542 2511 et
572 2475 705 2512 salutis

244 2531 357 2568 Certa
389 2536 446 2568 est
477 2530 628 2569 fiducia.

93 2627 159 2665 24.
190 2626 375 2664 Mundum
412 2638 545 2675 regens
577 2629 679 2666 velut
711 2639 824 2676 egens

248 2684 357 2721 Visus
390 2688 449 2722 est
478 2685 697 2735 incredulis,

194 2738 246 2777 Ut
266 2751 336 2787 per
358 2739 517 2778 formam
535 2742 635 2779 servi
651 2752 823 2779 normam

249 2796 359 2834 Vitae
391 2797 500 2835 daret
531 2799 706 2837 servulis.

145 2863 311 2896 Dreves,
332 2865 539 2893 I-ateinische
560 2867 852 2900 Hymnendichter.

907 191 971 228 25.

908 462 959 499 26

907 733 957 770 27

910 1006 960 1043 28

909 1279 973 1315 29.

906 1553 971 1591 30.

910 1825 976 1865 31.

910 2099 976 2136 32.

912 2631 977 2671 34.

891 2867 934 2893 11.

1006 189 1087 226 Rex
1119 188 1322 225 immensus
1354 191 1408 224 est
1430 197 1639 234 suspensus

1063 245 1195 283 Crucis
1227 245 1264 282 in
1295 243 1478 291 patibulo,

1005 304 1039 340 A
1071 312 1278 348 poenarum
1308 305 1549 339 aeternarum

1119 358 1277 396 Salvans
1309 369 1377 395 nos
1409 357 1592 404 periculo.

966 493 973 501 .
1008 461 1094 498 Pius
1126 462 1232 498 Iesus
1263 458 1397 507 flagris
1429 470 1559 497 caesus

1063 517 1114 554 Et
1146 528 1286 555 corona
1319 517 1452 563 spinea

1008 574 1216 611 Coronatus
1249 578 1286 610 et
1315 583 1384 620 per
1414 574 1513 610 latus

1065 632 1134 668 Est
1166 629 1374 667 transfixus
1405 630 1552 667 lancea.

965 764 972 771 .
1005 732 1075 779 Qui
1109 731 1310 778 effringens
1343 731 1455 768 chaos
1486 731 1619 778 ingens

1062 788 1250 835 Spoliavit
1280 786 1437 836 inferos,

1002 845 1153 882 Fractis
1184 845 1305 891 portis
1340 844 1446 883 dirae
1477 845 1610 882 mortis

1063 902 1220 939 Vinctos
1252 900 1344 939 facit
1375 901 1530 939 liberos.

968 1039 975 1046 ‚
1008 1004 1037 1042 Ο
1070 1015 1180 1050 quam
1213 1003 1312 1041 laeta
1343 1014 1382 1040 es
1414 1003 1547 1041 effecta

1065 1061 1135 1097 Die
1166 1059 1268 1097 facta
1299 1060 1426 1107 tertia,

1007 1117 1100 1156 Cum
1133 1128 1200 1154 rex
1227 1116 1337 1154 fortis
1358 1117 1481 1154 victae
1503 1117 1640 1155 mortis

1067 1174 1228 1211 Protulit
1259 1174 1422 1211 indicia!

1007 1277 1103 1314 Nam
1134 1277 1329 1323 antiquum
1360 1277 1554 1313 inimicum

1063 1334 1166 1371 Diris
1198 1334 1387 1381 stringens
1420 1333 1581 1371 vinculis

1007 1391 1055 1428 Se
1086 1391 1291 1428 videndum
1324 1396 1358 1426 et
1389 1391 1620 1437 tangendum

1064 1447 1246 1485 Praebuit
1279 1447 1488 1494 discipulis.

1005 1552 1095 1597 Quis
1126 1561 1295 1600 narrare,
1328 1550 1411 1597 quis
1442 1559 1603 1596 pensare

1060 1608 1181 1645 Tuum
1214 1608 1334 1655 possit
1364 1607 1556 1654 gaudium,

1003 1664 1161 1712 Quando
1192 1664 1346 1702 maestis
1368 1674 1435 1700 rex
1457 1663 1636 1701 caelestis

1066 1722 1172 1758 Pacis
1206 1721 1312 1759 dedit
1343 1719 1543 1757 nuntium?

1009 1825 1122 1864 Unde
1153 1824 1223 1862 tibi
1254 1826 1336 1863 laus
1367 1826 1507 1863 ascribi

1065 1881 1190 1919 Debet
1221 1886 1335 1929 atque
1365 1883 1498 1929 gloria,

1009 1939 1112 1985 Quae
1142 1942 1333 1976 tantorum
1363 1939 1586 1986 gaudiorum

1070 1996 1189 2034 Facta
1220 2006 1259 2033 es
1291 1997 1463 2035 materia.

1009 2099 1099 2136 Post
1121 2102 1177 2135 tot
1198 2098 1315 2148 signa,
1346 2108 1440 2144 quae
1462 2102 1502 2134 tu
1525 2097 1640 2144 digna

1067 2155 1244 2191 Meruisti
1277 2164 1445 2202 cernere,

1009 2211 1071 2248 Ad
1101 2216 1300 2257 paternum
1333 2211 1439 2248 vides
1461 2212 1637 2248 thronum

1064 2267 1204 2304 Filium
1237 2268 1455 2306 ascendere.

1007 2363 1074 2401 Cui
1105 2364 1232 2401 iuncta
1263 2375 1377 2411 super
1409 2368 1543 2402 cuncta

1063 2421 1294 2459 Potestatem
1326 2421 1486 2466 obtines,

1006 2477 1134 2515 Omnis
1167 2478 1250 2524 soli,
1283 2479 1402 2515 omnis
1433 2478 1512 2525 poli

1063 2533 1316 2582 Supergressa
1348 2535 1516 2573 ordines.

1010 2631 1040 2668 Ο
1071 2631 1212 2681 regina,
1247 2631 1320 2668 huc
1348 2632 1490 2669 inclina

1068 2687 1157 2726 Piae
1187 2688 1323 2725 mentis
1354 2688 1496 2725 lumina

1008 2744 1059 2781 Et
1090 2755 1228 2782 excusa
1260 2755 1373 2791 prece
1405 2743 1489 2781 fusa

1067 2800 1308 2838 Servulorum
1339 2801 1508 2839 crimina.

1392 2864 1434 2897 ‘28
