1785 3111
792 103 1100 144 —428—

208 223 246 259 3.
281 221 406 265 Ipsam
439 219 531 266 0010,
565 223 605 254 ut
638 218 683 254 de
714 217 810 253 mole
997 218 1061 256 11.
1094 217 1168 254 Sed
1200 227 1365 263 neeesse,
1398 218 1498 263 quod
1529 217 1711 263 prodesse

335 275 541 313 Criminum
573 279 610 310 te
640 275 788 319 liberet,
1152 274 1309 312 Constat
1339 273 1413 319 piis
1445 273 1644 322 mentibus,

279 332 388 368 Hane
419 331 583 379 appella,
617 342 663 367 ne
694 330 861 377 procella
910 357 914 361 -
1095 330 1145 368 Ut
1176 330 1370 367 intendam
1403 334 1439 366 et
1470 330 1687 376 impendam

336 387 519 423 Vitiorum
552 392 717 434 superet.
1150 387 1215 423 Me
1247 386 1365 434 ipsius
1396 387 1587 423 laudibus.

207 475 246 511 4.
278 473 383 510 Haec
413 483 575 519 persona
607 472 714 509 nobis
746 472 844 509 bona
997 472 1060 510 12.
1094 472 1271 517 Quamvis
1292 472 1420 517 5013111,
1446 471 1545 517 quod
1563 470 1725 508 Mariam

336 529 502 566 Contulit
537 529 729 576 caelestia,
1151 528 1270 564 Nemo
1303 528 1414 574 digne
1445 528 1652 576 praedicet,

278 586 382 622 Haec
413 586 542 633 regina
576 596 642 622 nos
676 585 802 622 divina
1097 584 1238 620 Tamen
1270 595 1388 622 vanus
1421 588 1455 620 et
1487 584 1640 621 insanus

337 642 546 679 illustravit
579 642 716 690 gratia.
1153 641 1237 687 Est,
1271 641 1333 687 qui
1364 640 1469 677 illam
1502 640 1646 678 reticet.

208 729 245 765 5.
280 727 424 774 Lingua
456 738 550 776 mea,
585 728 645 764 dic
676 733 833 774 tropaea
997 727 1060 765 13.
1095 726 1208 763 Cuius
1238 726 1317 763 vita
1348 726 1497 762 erudita

336 784 500 830 Virginis
532 795 757 830 puerperae,
1152 782 1365 828 Disciplina
1395 782 1536 819 caelica

277 842 379 887 Quae
410 839 591 877 inflictum
623 841 865 877 maledictum
1095 840 1329 885 Argumenta
1361 844 1399 875 et
1429 838 1606 885 figmenta

338 897 438 934 Miro
470 896 651 934 transfert
683 907 831 945 genere.
1153 895 1351 932 Destruxit
1384 896 1589 934 haeretica.

207 984 246 1021 6.
281 982 368 1018 Sine
398 981 471 1018 fine
504 982 564 1018 die
596 982 747 1028 reginae
995 981 1061 1020 14.
1095 981 1209 1019 Cuius
1243 990 1364 1016 mores
1396 985 1584 1027 tamquam
1615 978 1728 1018 flores

334 1038 469 1075 Mundi
500 1038 652 1075 laudum
685 1039 844 1085 cantica,
1148 1037 1348 1074 Exornant
1379 1037 1589 1084 ecclesiam,

277 1095 368 1131 Eius
401 1094 497 1131 bona
531 1105 680 1141 semper
711 1105 813 1143 sona,
1093 1094 1272 1130 Actiones
1305 1099 1341 1129 et
1372 1104 1563 1130 sermones

335 1151 492 1198 Semper
519 1151 623 1187 illam
656 1151 849 1198 praedica.
1150 1151 1287 1187 Miram
1319 1154 1512 1196 praestant
1545 1150 1728 1197 gratiam.

208 1237 245 1274 7.
280 1236 415 1273 Omnes
447 1236 519 1272 mei
551 1246 694 1281 sensus,
727 1236 760 1271 ei
999 1236 1063 1273 15.
1096 1235 1200 1272 Evae
1232 1235 1372 1271 crimen
1404 1235 1511 1271 nobis
1542 1235 1656 1271 limen

336 1293 542 1330 Personate
572 1292 743 1341 gloriam,
1155 1292 1325 1328 l‘aradisi
1359 1292 1556 1338 clauserat,

279 1348 641 1395 Frequentate-tam
674 1349 807 1385 beatae
1096 1348 1212 1393 Haec,
1249 1349 1335 1385 dum
1369 1349 1488 1385 credit
1520 1353 1556 1384 et
1586 1347 1728 1394 obedit,

336 1406 500 1451 Virginis
532 1406 763 1443 memoriam.
1153 1405 1255 1441 Caeli
1288 1405 1452 1442 claustra
1484 1409 1641 1442 reserat.

206 1491 245 1528 8.
279 1490 414 1526 Nullus
448 1495 550 1526 certe
581 1494 657 1527 tam
690 1490 855 1527 disertae
1000 1490 1062 1528 16.
1097 1490 1260 1536 Propter
1284 1490 1404 1526 Evam
1437 1489 1546 1525 homo
1578 1499 1728 1525 saevam

334 1546 471 1583 Exstat
504 1547 753 1593 eloquentiae,
1153 1547 1311 1592 Accepit
1344 1547 1583 1592 sententiam,

277 1602 346 1648 Qui
366 1603 572 1649 condignos
592 1609 738 1649 promat
750 1604 908 1650 hymnos
1096 1603 1171 1639 Per
1202 1603 1363 1639 Mariam
1396 1602 1509 1639 habet
1543 1602 1651 1651 viam,

317 1659 426 1696 Eius
458 1660 718 1697 excellentiae.
1153 1660 1256 1704 Quae
1289 1659 1390 1695 ducit
1423 1659 1470 1696 ad
1504 1659 1679 1704 patriam.

208 1746 246 1782 9.
279 1744 416 1782 Omnes
434 1745 601 1794 laudent,
620 1745 720 1781 unde
733 1745 909 1793 gaudent,
1001 1744 1064 1782 17.
1098 1744 1202 1780 Haec
1233 1744 1394 1780 amanda
1428 1748 1463 1779 ct
1494 1743 1685 1780 laudanda

333 1801 495 1837 Matrem
528 1801 598 1837 Dei
632 1802 825 1850 virginem,
1156 1800 1308 1837 Cunctis
1340 1800 1570 1849 specialiter,

280 1856 416 1893 Nullus
448 1856 576 1903 fingat,
617 1858 716 1903 quod
748 1857 909 1906 attingat
1098 1857 1281 1894 cherari
1314 1862 1349 1893 et
1380 1856 1531 1903 precari

335 1914 428 1949 Eius
461 1914 736 1952 celsitudinem.
1154 1914 1270 1950 Decet
1302 1914 1406 1950 illam
1439 1914 1588 1959 iugiter.

179 1999 249 2037 10.
284 1998 403 2034 Nemo
436 1998 548 2044 dicet,
582 2002 760 2044 quantum
791 1999 879 2035 licet
998 1999 1062 2038 18.
1095 2000 1221 2044 ipsam
1251 2008 1379 2045 posco,
1413 2009 1521 2044 quam
1546 2007 1727 2044 cognosco

334 2055 525 2100 Laudans,
559 2055 637 2091 eius
670 2055 815 2103 merita,
1152 2056 1267 2091 Posse
1298 2066 1453 2101 prorsus
1485 2055 1622 2100 01111113,

278 2110 395 2147 Cuius
428 2116 561 2148 cuncta
593 2117 677 2148 sunt
711 2118 837 2149 creata
1095 2113 1147 2150 Ut
1176 2111 1313 2147 evellat
1346 2117 1380 2147 et
1414 2111 1588 2156 repellat,

338 2167 481 2204 Ditioni
514 2168 677 2204 subdita.
1152 2168 1414 2214 Quaecumque
1446 2172 1530 2203 sunt
1563 2167 1689 2207 noxia.

567 2255 629 2292 19.
668 2254 752 2300 11153
785 2253 911 2299 donet,
945 2258 996 2300 ut,
1028 2253 1128 2299 quod
1160 2258 1283 2289 monet

719 2311 809 2347 Eius
841 2314 963 2359 natus,
999 2309 1147 2355 faciam,

663 2366 711 2404 Ut
743 2366 851 2403 finita
882 2366 1008 2403 carnis
1039 2367 1116 2403 vita

720 2423 859 2459 Laetus
891 2423 990 2459 hunc
1021 2423 1216 2469 aspiciam.

750 2563 1029 2609 Rhythmus
1071 2564 1143 2601 111.

211 2652 250 2691 1.
283 2654 313 2689 0
346 2658 563 2689 cunctarum
597 2652 821 2690 feminarum
1029 2655 1064 2691 2.
1099 2653 1270 2689 Clemens
1301 2651 1402 2695 audi,
1435 2656 1521 2688 tuae
1552 2650 1655 2688 laudi

336 2709 460 2745 Decus
492 2715 603 2755 atque
632 2710 764 2758 gloria,
1155 2710 1253 2754 Quos
1284 2707 1468 2744 instantes
1500 2707 1698 2754 conspicis,

277 2765 393 2810 Quam
438 2766 594 2802 electam
629 2770 663 2801 et
696 2771 912 2811 provectam
1097 2765 1239 2803 Munda
1272 2774 1355 2800 reos
1387 2769 1421 2800 et
1455 2763 1513 2800 sae
1545 2774 1607 2800 eos

339 2821 490 2858 Scimus
523 2832 635 2868 super
664 2823 799 2860 omnia.
1154 2821 1269 2858 Bonis
1302 2821 1434 2867 dignos
1466 2819 1630 2857 caelicis.
