1785 3111
111 180 161 217 25

109 453 173 491 26.

109 997 176 1035 28.

111 1543 176 1580 30.

110 1815 175 1853 31.

111 2088 175 2126 32.

110 2354 175 2394 33.

110 2623 176 2660 34.

727 86 776 89 -
838 61 919 102 439
978 84 1034 90 --

169 211 176 218 .
209 179 321 216 Nunc
351 178 442 216 elati
472 181 558 215 sunt
587 177 785 224 prostrati,

265 235 371 274 Sicut
403 234 498 272 dicis
529 233 690 281 cantico,

207 292 257 330 Et
289 291 427 328 abiecti
458 296 546 328 sunt
576 290 747 338 provecti

264 348 418 386 Honore
449 346 621 385 mirifico.

210 451 421 490 Universus
452 454 510 487 est
540 459 721 496 aspersus

265 507 434 545 Mundus
466 505 610 545 Christi
641 505 776 556 gratia,

211 564 284 611 Qui
316 567 354 600 te
385 568 506 601 matre
538 563 619 600 sine
651 566 761 610 patre

267 621 390 658 Natus
421 620 517 668 regit
551 620 689 660 onmia.

209 723 450 761 Concubinae
481 726 519 759 et
549 722 701 769 reginae

264 781 366 818 Tuas
396 780 529 818 laudes
561 779 799 826 praedicant,

208 837 394 886 Linguae,
413 840 543 884 gentes
556 836 630 873 iam
645 835 844 873 credentes

263 893 349 931 Tibi
385 893 458 930 rite
489 892 719 940 supplicant.

205 996 260 1033 Te
291 996 489 1033 laudantes
521 1001 559 1032 et
590 994 772 1032 mirantes

265 1052 454 1091 Pulchrae
486 1051 578 1090 Sion
609 1050 711 1089 filiae

209 1109 402 1148 Illustrari
433 1112 470 1146 et
499 1108 630 1146 ornari

261 1166 342 1204 Tua
373 1166 540 1214 gaudent
570 1165 711 1212 specie.

162 1299 170 1307 .
204 1269 258 1306 Te
290 1268 465 1306 decoram
497 1273 538 1305 ut
568 1278 744 1306 auroram

260 1325 458 1364 Universis
489 1323 722 1375 praeferunt,

206 1382 260 1420 Te
291 1382 449 1420 electam
482 1386 519 1419 et
548 1380 772 1429 perfectam,

264 1439 318 1476 Te
350 1439 517 1486 reginam
547 1442 735 1477 asserunt.

208 1543 311 1589 Quae
346 1545 402 1578 est
432 1542 505 1579 ista
535 1546 612 1579 tam
644 1545 814 1588 venusta,

264 1599 431 1646 Elegans
466 1602 503 1635 et
532 1598 678 1647 inclita,

211 1656 316 1702 Quae
346 1660 404 1692 tot
435 1655 556 1703 donis,
591 1659 647 1693 tot
678 1655 826 1692 coronis

267 1712 339 1750 Est
370 1712 551 1750 virtutum
584 1710 790 1760 praedita?

208 1814 435 1852 Turturinas
465 1814 582 1852 habes
613 1824 738 1863 genas,

266 1871 509 1909 Columbinos
540 1871 704 1919 occulos,

212 1927 392 1975 Speciosa
422 1932 462 1965 ut
495 1927 667 1965 columba

262 1985 324 2022 Ad
355 1996 537 2032 aquarum
568 1985 723 2035 rivulos,

210 2087 326 2126 Cuius
357 2087 435 2124 vita
465 2087 646 2135 insignita

268 2144 424 2183 Cunctis
455 2148 513 2181 est
543 2143 761 2190 virtutibus,

212 2201 327 2240 Cuius
358 2205 464 2248 gesta
496 2206 583 2238 sunt
614 2201 773 2238 honesta

271 2259 370 2296 Prae
401 2259 546 2295 cunctis
578 2257 814 2303 viventibu53

207 2354 310 2401 Quae
344 2354 548 2402 pigmentis
579 2359 615 2390 et
643 2353 844 2401 unguentis

264 2410 419 2449 Cunctis
450 2421 489 2448 es
521 2411 686 2458 suavior,

209 2468 399 2515 Speciosis
430 2478 587 2514 prorsus
621 2468 715 2504 rosis

265 2525 449 2573 Liliisque
478 2525 635 2571 gratior.

208 2621 238 2660 Ο
270 2619 420 2659 felicem
451 2621 694 2669 genetricem,

266 2679 381 2717 Cuius
412 2689 522 2716 sacra
553 2678 699 2716 viscera

210 2735 386 2772 Meruere
418 2735 617 2774 continere

270 2791 536 2829 Continentem
567 2792 743 2829 aethera!

929 178 995 215 35.

933 451 998 488 36.

934 994 1000 1033 38.

927 1267 992 1305 39.

930 1541 995 1580 40.

927 1814 994 1853 41.

931 2088 996 2125 42.

929 2354 996 2392 43.

930 2623 999 2661 44.

1028 176 1139 214 Felix
1171 180 1315 224 pectus,
1347 175 1386 212 in
1418 185 1491 222 quo
1522 178 1643 212 tectus

1086 234 1167 271 Rex
1199 232 1388 269 caelorum
1420 231 1544 278 latuit,

1028 290 1139 328 Felix
1172 293 1323 334 venter,
1356 299 1428 336 quo
1461 289 1667 326 clementer

1087 348 1248 385 Carnem
1279 346 1382 383 Deus
1414 345 1550 384 induit.

1031 448 1142 487 Felix
1174 448 1291 496 sinus,
1324 458 1396 494 quo
1430 446 1579 485 divinus

1091 505 1291 552 Requievit
1322 504 1493 553 spiritus,

1034 562 1143 599 Felix
1175 562 1295 604 alvus,
1328 572 1400 608 quo
1431 560 1474 597 fit
1505 559 1632 597 salvus

1094 619 1216 657 Homo
1247 617 1384 655 fraude
1416 617 1602 664 perditus,

985 751 994 759 .
1026 720 1137 757 Felix
1168 720 1299 756 thorus
1331 724 1367 755 et
1399 719 1558 756 decorus

1085 777 1200 813 Istius
1232 786 1455 823 puerperae,

1028 835 1144 881 Quem
1177 833 1356 877 maritus,
1395 836 1437 869 ut
1468 836 1523 868 est
1556 831 1664 881 ritus,

1086 890 1172 927 Non
1208 889 1463 937 praesumpsit
1494 893 1664 936 tangere.

1034 994 1064 1032 O
1097 992 1278 1041 mamilla,
1311 991 1416 1029 cuius
1447 991 1551 1028 stilla

1089 1050 1179 1087 Fuit
1210 1049 1289 1086 eius
1321 1048 1515 1097 pabulum,

1032 1107 1102 1153 Qui
1126 1107 1220 1144 dans
1243 1111 1369 1143 terrae
1391 1104 1537 1142 fructus
1560 1103 1662 1142 ferre

1093 1164 1217 1202 Pascit
1250 1173 1360 1200 omne
1389 1162 1594 1202 saeculum.

1025 1266 1109 1303 Hac
1139 1265 1178 1302 in
1211 1266 1322 1302 domo
1353 1265 1456 1302 Deus
1487 1264 1597 1301 homo

1084 1322 1189 1360 Fieri
1222 1322 1423 1369 disposuit,

1027 1379 1099 1417 Hic
1111 1379 1318 1417 absconsus
1331 1379 1490 1425 pulcher
1503 1388 1663 1425 sponsus

1084 1437 1238 1475 Vestem
1271 1447 1376 1473 suam
1408 1435 1545 1474 induit.

1030 1540 1092 1577 Sic
1123 1544 1258 1577 natura
1287 1538 1386 1577 vinci
1418 1539 1500 1575 iura

1085 1597 1195 1633 Novo
1226 1600 1355 1643 stupet
1385 1595 1530 1641 ordine,

1031 1654 1172 1692 Rerum
1203 1664 1292 1690 usus
1325 1656 1381 1689 est
1413 1652 1589 1689 exclusus

1090 1710 1267 1748 Pariente
1300 1710 1458 1756 virgine.

1026 1813 1152 1850 Mater
1183 1811 1267 1858 Dei,
1299 1814 1452 1848 nostrae
1483 1811 1565 1858 spei

1086 1869 1210 1907 Causa
1241 1873 1279 1905 et
1309 1868 1519 1915 exordium,

1029 1927 1148 1964 Posce
1179 1930 1320 1976 natum,
1355 1930 1396 1963 ut
1426 1929 1597 1972 optatum

1084 1983 1204 2021 Nobis
1239 1982 1303 2020 det
1335 1982 1556 2022 remedium.

1031 2086 1151 2123 Istum
1182 2095 1333 2123 caecum
1367 2096 1457 2122 sana
1488 2094 1643 2131 precum

1087 2143 1252 2179 Tuarum
1283 2141 1472 2188 suffragio,

1033 2199 1085 2237 Ut
1116 2209 1185 2245 per
1216 2199 1314 2236 viam
1346 2198 1402 2235 ire
1434 2198 1550 2235 sciam

1088 2257 1169 2294 Tuo
1201 2260 1347 2302 gratam
1378 2254 1469 2295 filio.

1029 2354 1073 2391 In
1103 2351 1174 2389 hac
1207 2352 1283 2390 vita
1314 2352 1368 2389 sic
1398 2362 1458 2389 me
1490 2352 1570 2390 dita

1086 2408 1206 2446 Donis
1239 2409 1468 2448 salutaribus

1027 2465 1165 2505 Dando
1183 2466 1332 2514 pignus,
1351 2477 1423 2514 quo
1441 2467 1510 2502 sim
1526 2465 1661 2514 dignus

1085 2523 1244 2561 Gaudiis
1276 2523 1516 2561 caelestibus

1031 2621 1092 2658 De
1123 2621 1295 2658 mortalis
1326 2621 1427 2658 vitae
1457 2619 1566 2657 malis

1083 2677 1149 2715 Me
1181 2678 1383 2725 dignanter
1414 2687 1502 2714 erue

1027 2734 1078 2771 Et
1095 2738 1181 2781 post
1197 2741 1356 2772 mortem
1375 2732 1436 2771 fac
1449 2738 1661 2770 consortem

1086 2791 1230 2837 Quietis
1261 2795 1484 2837 perpetuae.
