1785 3111
715 60 1027 100 —201—

216 174 254 213 8.
289 173 426 221 Sicque
458 185 564 211 suum
597 172 778 211 famulum
810 174 984 212 Christus
1017 175 1153 212 ditavit
1184 174 1339 221 honore,

347 232 401 270 Ut
430 235 563 279 regnet
594 231 699 268 caelo
728 231 891 277 imperet
920 235 1032 278 atque
1061 232 1153 270 solo.

287 288 498 325 Multorum
529 291 707 325 aeternas
741 288 922 325 Dominus
957 289 1023 325 dat
1053 299 1224 325 crescere
1258 288 1404 334 laudes,

344 345 444 390 Quos
475 344 565 382 fidei
596 345 772 382 meritum
806 344 951 382 fecerat
982 355 1065 382 esse
1095 356 1237 385 sacros,

216 420 253 456 9.
287 417 363 455 Sed
394 418 530 455 merito
562 419 746 455 eeclesiae
777 419 984 456 laudantur
1014 419 1052 455 in
1084 419 1176 456 orbe
1207 418 1392 465 magistri,

342 476 442 522 Quos
461 479 567 522 -opus
600 480 637 511 et
667 475 824 512 verbum
857 481 1063 522 praeparat
1095 481 1208 522 atque
1239 475 1348 512 fides

284 532 388 579 Ergo
417 532 476 568 vir
505 532 578 569 iste
610 533 682 571 Dei
713 543 898 579 spernens
928 533 1120 569 mundana
1149 532 1303 579 reliquit

343 589 417 626 Pro
449 589 602 626 Christo
634 594 782 635 cuneta,
816 589 880 636 qui
910 589 1068 626 meliora
1101 590 1222 636 daret,

184 663 249 701 10.
283 663 620 710 centuplicemque
651 667 796 699 metens
827 661 991 700 fructum
1023 663 1085 699 hic
1117 663 1258 709 accipit
1290 664 1470 711 amplum,

341 721 503 766 Insuper
535 727 729 757 aeternam
761 720 933 766 possidet
965 724 1001 756 et
1030 720 1210 766 requiem.

288 775 434 822 Dignus
466 777 579 813 laude
610 777 762 823 quidem
795 782 853 813 est
884 777 998 813 vitam
1031 777 1112 813 sine
1144 777 1300 814 crimine
1333 778 1487 815 ducens,

344 834 416 879 Qui
447 834 531 870 aevi
562 834 616 870 sic
648 838 767 870 metas
801 834 991 870 clauserat
1022 838 1057 870 et
1089 844 1278 872 numeros.

187 908 251 945 11.
283 907 428 944 Accola
459 907 533 944 iam
565 908 719 945 Domini
751 918 903 944 saevum
934 907 1009 944 iam
1041 907 1184 945 vicerat
1214 908 1373 956 hostem,

342 965 435 1002 Cum
468 964 619 1001 Christo
652 970 783 1011 regnat
817 965 946 1002 accola
976 965 1051 1002 iam
1084 964 1250 1003 Domini.

282 1020 432 1058 Gaudia
462 1032 598 1068 magna
633 1021 702 1058 Dei
732 1021 806 1058 iam
838 1022 997 1058 intravit
1027 1022 1151 1058 laetus
1184 1026 1220 1057 et
1250 1022 1317 1058 ille

340 1077 483 1115 Invitat
515 1089 582 1114 nos
613 1079 663 1115 ad
691 1078 831 1125 gaudia
863 1090 998 1125 magna
1027 1079 1111 1116 Dei.

181 1152 246 1190 12.
279 1151 470 1198 Sanguine
500 1163 638 1200 nempe
669 1164 736 1190 suo
767 1153 936 1200 requiem
968 1153 1039 1190 sibi
1074 1157 1272 1200 comparat
1297 1154 1447 1201 almam,

335 1209 524 1255 Impetrat
554 1209 652 1246 hanc
683 1210 792 1246 nobis
822 1211 1006 1257 sanguine
1036 1221 1173 1257 nempe
1203 1222 1282 1249 suo.

277 1266 469 1313 Martyrio
503 1266 673 1314 decorat,
706 1267 893 1314 quidquid
926 1268 1131 1305 Germania
1161 1267 1294 1315 nutrit,

333 1323 386 1360 Et
416 1323 575 1370 proprio
606 1323 777 1360 subolem
810 1325 993 1371 martyrio
1027 1326 1196 1363 decorat.

178 1397 243 1434 13.
276 1396 306 1434 Ο
338 1396 476 1443 patria,
511 1408 532 1433 o
563 1398 739 1443 populus,
772 1401 878 1434 tanto
912 1398 1033 1435 ditata
1064 1403 1238 1445 patrono,

334 1454 410 1490 Per
439 1464 549 1500 quem
582 1454 661 1491 vita
692 1455 808 1503 venit⁷
840 1465 862 1491 o
893 1456 1031 1501 patria,
1064 1467 1085 1492 o
1116 1455 1299 1502 populus!

278 1510 479 1557 Dignaque
510 1522 606 1557 quae
638 1510 778 1557 fueras,
812 1524 833 1548 o
865 1516 924 1548 ter
955 1517 1162 1558 quaterque
1193 1512 1316 1553 beata,

332 1568 516 1604 Praesule
546 1568 691 1615 hocque
724 1569 804 1615 regi
837 1569 1025 1616 dignaque
1057 1580 1153 1615 quae
1185 1568 1324 1606 fueras.

179 1641 244 1679 14.
278 1640 412 1678 Gloria
445 1641 559 1688 digna
587 1641 683 1689 Deo,
716 1643 829 1679 talem
862 1643 925 1689 qui
958 1643 1064 1679 illum
1098 1643 1204 1680 dedit
1233 1653 1326 1689 esse,

333 1698 479 1744 Quique
512 1698 619 1735 dedit
650 1699 771 1750 nobis,
804 1700 926 1746 gloria
957 1711 1092 1747 magna
1126 1700 1220 1737 Deo.

274 1753 407 1791 Gloria
436 1766 574 1802 magna
606 1756 686 1792 Deo
718 1767 869 1803 semper
899 1767 969 1803 per
1000 1757 1150 1794 saecula
1184 1760 1330 1804 cuncta,

332 1811 513 1849 Dicamus
545 1824 698 1850 omnes:
729 1814 852 1860 gloria
882 1824 1017 1861 magna
1050 1814 1143 1853 Deo.

163 1901 348 1933 Browerus
373 1913 406 1944 p.
432 1900 492 1943 783
519 1903 702 1935 Diimmler
727 1904 771 1940 ΙΙ,
799 1901 866 1935 234
891 1914 941 1946 sq.

343 2036 421 2070 150.
456 2036 538 2079 (19.)
573 2037 619 2072 In
645 2038 789 2073 Natale
816 2039 948 2073 sancti
972 2040 1155 2075 Andreae
1181 2040 1383 2085 Apostoli.

350 2120 386 2158 1.
434 2120 568 2170 Nobis,
602 2131 703 2169 ecce,
738 2122 819 2159 dies
851 2123 986 2160 ordine
1019 2134 1183 2171 congruo

431 2178 548 2215 Venit
579 2189 679 2214 nunc
714 2179 888 2223 celebris,
923 2180 1061 2222 clarus,
1095 2181 1283 2228 amabiliS,

492 2235 572 2280 Quo
603 2235 726 2272 victor
757 2247 873 2283 super
903 2237 982 2273 alta

545 2291 704 2329 Scandit
733 2304 897 2341 propere
929 2293 1057 2330 sidera

349 2372 385 2408 2.
431 2371 621 2415 Andreas,
656 2373 808 2409 Domini
841 2377 994 2410 sanctus
1026 2375 1220 2421 apostolus

434 2427 721 2476 Germanusque
753 2430 870 2475 Petri,
903 2430 1089 2477 principis
1120 2432 1256 2479 incliti,

493 2485 676 2532 Princeps
708 2486 790 2532 ipse
823 2487 945 2523 virilis

546 2542 710 2579 Consors
742 2544 926 2590 martyrio
958 2543 1042 2584 fuit.

349 2621 386 2657 3.
434 2620 534 2656 Dum
566 2620 758 2658 Christum
791 2622 946 2659 comites
978 2624 1170 2669 gressibus
1203 2629 1237 2660 et
1267 2636 1379 2671 pares

434 2677 662 2724 Exaequant
693 2679 850 2724 pariter,
885 2680 1061 2726 dogmata
1094 2681 1290 2729 colligunt,

489 2734 582 2770 Eius
615 2740 735 2771 morte
768 2740 976 2783 sequuntur

543 2791 593 2827 Et
625 2792 785 2839 vestigia
817 2804 886 2839 per
918 2803 1086 2833 erucem.
