1785 3111
688 75 737 78 —
799 51 879 92 431

104 166 143 204 7.
177 164 452 203 Commendare
481 175 541 202 me
574 165 731 213 dignare

229 222 395 269 Christo,
427 225 492 259 tuo
522 221 614 272 filio,

172 278 225 316 Ut
256 290 330 316 non
362 279 514 325 cadam,
547 279 615 316 sed
647 279 805 316 evadam

228 335 286 372 De
316 347 403 372 mun
410 335 446 372 di
477 334 688 383 naufragio.

100 438 139 476 8.
171 436 250 474 Fac
280 447 339 473 me
370 437 516 487 mitem,
551 438 652 484 pelle
683 438 799 488 litem,

227 494 434 540 Compesce
464 494 672 543 lasciviam,

170 551 311 589 Contra
342 551 481 587 crimen
516 551 564 588 da
596 551 785 588 munimen

230 607 277 645 Et
307 608 444 644 mentis
476 609 740 648 constantiam.

100 711 137 747 9,
170 708 256 745 Non
287 719 346 746 me
375 710 466 756 liget
497 720 567 746 nec
598 709 731 756 fatiget

226 765 376 803 Saeculi
407 767 609 812 cupiditas,

169 824 273 868 Quae
303 822 481 860 obscurat
514 827 549 859 et
580 822 733 860 indurat

222 879 373 916 Mentes
403 879 476 916 sibi
508 879 693 916 subditas.

70 981 135 1021 10,
169 981 367 1028 Nunquam
394 981 464 1027 ira,
498 992 687 1028 nunquam
717 981 801 1018 dira

222 1038 288 1075 Me
319 1038 447 1074 vincat
477 1038 604 1086 elatio,

164 1096 267 1142 Quae
306 1095 509 1131 multorum
540 1093 581 1131 fit
612 1095 799 1133 malorum

222 1149 461 1198 Frequenter
489 1152 651 1189 occasio.

67 1253 131 1293 11.
164 1254 240 1292 Ora
270 1254 402 1304 Deum,
436 1259 477 1291 ut
509 1265 574 1291 cor
605 1264 727 1291 meum

221 1311 297 1348 Sua
328 1315 452 1348 servet
483 1311 619 1358 gratia,

163 1368 221 1404 Ne
253 1368 430 1414 antiquus
461 1368 636 1404 inimicus

221 1424 386 1462 Seminet
414 1425 572 1462 zizania.

65 1528 130 1566 12.
163 1527 223 1564 Da
253 1528 434 1565 virtutum
466 1527 556 1564 mihi
588 1533 734 1567 scutum

216 1584 275 1621 Ne
306 1585 343 1621 in
376 1584 475 1621 bello
508 1586 706 1622 concidam

159 1640 293 1678 Fidem
302 1646 457 1687 rectam,
467 1652 572 1688 spem
583 1642 788 1689 robustam,

219 1698 426 1737 Caritatcm
459 1697 659 1738 fervidam.

61 1800 126 1838 13.
160 1801 220 1838 Da
253 1799 393 1837 furoris
425 1806 461 1837 et
492 1802 640 1838 timoris

215 1858 404 1903 Superare
435 1858 540 1903 vitia,

158 1914 209 1952 Et
230 1918 272 1950 ut
293 1914 460 1962 linguam
477 1915 532 1951 sic
551 1915 794 1963 restringam,

216 1971 274 2007 Ne
308 1971 484 2018 loquatur
514 1972 640 2009 noxia.

60 2072 126 2111 14.
158 2073 279 2110 Maris
310 2074 433 2118 stella,
465 2074 683 2122 interpella,

212 2130 329 2175 Quem
361 2131 522 2178 portasti
553 2135 674 2179 utero,

156 2186 210 2224 Ut
241 2187 314 2224 hoc
343 2198 447 2224 mare
478 2193 714 2224 transmeare

215 2243 338 2281 Cursu
371 2245 486 2281 donet
517 2254 714 2291 prospero.

58 2338 123 2377 15.
156 2338 230 2376 Det
261 2339 433 2376 timorem
466 2344 503 2376 et
533 2351 699 2377 amorem

211 2395 276 2433 Sui
307 2407 458 2443 semper
488 2397 663 2441 nominis,

154 2452 281 2490 Donet
310 2463 442 2500 pacem
475 2457 511 2489 et
542 2452 738 2490 fornacem

212 2509 421 2557 Extinguat
453 2510 638 2548 libidinis.

59 2604 125 2642 16.
157 2604 364 2655 Castitatis,
397 2607 551 2653 pietatis

210 2662 447 2700 Munimenta
478 2662 663 2709 conferat,

153 2718 260 2755 Assit
290 2724 416 2757 rector
447 2725 483 2756 et
515 2725 710 2767 protector

214 2774 296 2812 Nec
325 2787 486 2822 unquam
519 2787 579 2813 me
611 2777 774 2815 deserat.

896 168 960 205 17.

993 167 1022 205 O
1054 168 1264 214 praeclara.
1298 167 1396 204 viam
1429 179 1522 216 para

1049 224 1112 261 Ad
1145 235 1345 270 supernam
1377 225 1554 271 patriam,

993 280 1055 317 Sic
1086 291 1144 316 me
1175 292 1277 331 sana,
1312 285 1354 318 ut
1386 282 1578 320 mundana

1050 337 1199 375 Gaudia
1232 338 1452 384 despiciam.

896 439 959 477 18.
994 439 1103 485 Quod
1135 439 1311 486 imploro,
1343 451 1416 476 non
1448 441 1580 487 ignoro

891 710 956 748 19.

887 983 953 1020 20.

887 1256 955 1293 21.

882 1803 945 1841 23.

879 2077 941 2113 24.

877 2342 942 2378 25.

1046 495 1149 532 Dare
1180 500 1217 531 te
1250 495 1438 545 fidelibus‚

988 553 1102 590 Cuius
1133 552 1235 589 iussa
1269 553 1492 591 inconcussa

1044 609 1202 646 Manent
1232 609 1354 646 modis
1389 610 1575 649 omnibus.

989 711 1117 747 Mater
1148 710 1257 759 bona,
1296 711 1390 747 meis
1423 712 1521 750 dona

1044 767 1224 813 Requien]
1259 767 1481 813 parentibus

993 824 1149 861 Necnon
1169 824 1314 860 cunctis
1340 824 1413 860 iam
1435 823 1626 863 defunctis

1043 880 1152 917 Notis
1185 886 1221 917 et
1252 879 1443 920 affinibus

986 983 1099 1020 Hunc
1131 992 1287 1029 egenum
1319 981 1380 1020 fac
1401 984 1449 1021 ad
1471 984 1625 1031 plenum

1045 1039 1249 1076 Pervenire
1280 1041 1475 1087 gaudium,

984 1096 1063 1142 Quo
1094 1106 1247 1132 manere
1278 1101 1313 1133 et
1346 1098 1478 1134 videre

1040 1152 1161 1190 Tuum
1194 1154 1334 1199 possim
1369 1153 1500 1191 filium.

989 1255 1096 1291 Meos
1128 1260 1237 1292 notos
1269 1253 1330 1293 fac
1362 1256 1518 1293 devotos

1044 1312 1121 1348 Piis
1154 1322 1305 1358 semper
1335 1312 1496 1357 actibus,

986 1368 1035 1406 Ut
1067 1369 1255 1405 mandatis
1287 1369 1460 1406 veritatis

1044 1425 1150 1463 Totis
1182 1426 1324 1462 instent¹
1357 1426 1515 1465 viribuS.

943 1561 951 1569 .
984 1529 1088 1566 Mala
1119 1530 1219 1576 pelle
1251 1534 1286 1566 et
1320 1530 1455 1567 refelle

1036 1586 1212 1623 Hostium
1244 1586 1445 1635 versutias,

980 1643 1181 1688 Spiritales
1214 1648 1249 1679 et
1282 1644 1453 1680 carnales

1035 1700 1239 1747 Compesce
1270 1700 1470 1747 nequitias

984 1802 1096 1848 Yirgo
1128 1802 1234 1846 lenis,
1269 1813 1289 1839 a
1322 1802 1465 1838 catenis

1037 1859 1244 1896 Criminum
1278 1870 1345 1896 nos
1379 1859 1496 1905 eripe,

984 1915 1031 1953 Ut
1064 1916 1179 1952 soluti
1210 1916 1326 1952 simus
1358 1916 1430 1952 tuti

1040 1972 1148 2009 Victo
1180 1973 1312 2010 mortis
1345 1972 1533 2019 principe.

976 2074 1214 2112 Adiutricem
1247 2079 1283 2111 et
1314 2075 1491 2111 tutricem

1033 2131 1087 2168 Te
1117 2130 1256 2177 ubique
1288 2131 1466 2171 sentiant,

975 2188 1046 2234 Qui
1079 2186 1228 2224 felicem
1259 2188 1489 2234 genetricem

1036 2244 1107 2280 Dei
1138 2250 1175 2280 te
1207 2245 1467 2290 pronuntiant.

974 2341 1094 2377 Maris
1127 2341 1249 2384 stella,
1285 2340 1331 2377 de
1362 2340 1533 2387 procella

1034 2397 1181 2434 Saeculi
1212 2408 1280 2434 nos
1311 2397 1435 2433 libera

976 2455 1216 2501 Protegendo
1248 2459 1284 2490 et
1316 2453 1536 2500 praebendo

1034 2510 1179 2547 Cuncta
1210 2510 1318 2547 nobis
1350 2521 1548 2558 prospera.

972 2606 1163 2653 Splendor
1173 2607 1307 2654 patris,
1323 2605 1447 2644 factor
1457 2606 1600 2653 matris7

1030 2664 1128 2711 Iesu,
1159 2668 1290 2701 nostra
1321 2663 1454 2710 gloria,

973 2719 1043 2768 Da,
1076 2727 1118 2757 ut
1148 2720 1233 2757 fiam
1265 2731 1333 2766 per
1367 2719 1530 2757 Mariam

1030 2777 1103 2813 Tui
1136 2777 1270 2824 dignus
1302 2776 1437 2823 gratia.
