1785 3111
55 199 92 236 3.
125 197 208 234 Hoc
238 201 368 235 sancta
403 198 465 235 dic
492 197 693 245 professio,

124 254 178 290 Te
208 264 331 300 poena
360 254 482 292 tradit
513 255 723 305 prosperis,

127 311 267 357 Optata
297 312 483 348 mercaris
514 312 635 349 malo:

127 367 307 416 Persiste,
338 372 474 412 tortor,
507 369 706 417 adiuvans,

60 471 98 508 4.
131 469 215 507 Lux
247 470 342 508 haec
373 471 547 518 negando
581 471 742 511 ceditur.

129 526 159 564 Ο
191 538 302 573 quam
334 527 449 565 beata.
480 528 707 568 adversitas,

128 582 167 620 Si
199 583 253 620 sic
277 584 516 631 triumphant
549 585 719 621 exsules!

130 639 236 677 Nihil
269 642 435 679 verendo
466 646 634 689 martyre

59 745 96 781 5.
126 742 332 782 Confessor
359 744 432 781 iste
465 743 615 782 distitit.

129 800 310 847 Dispersa
340 810 442 837 mors
473 811 565 847 quos
596 799 727 845 afficit,

131 857 193 893 Ad
226 861 313 895 vota
343 857 477 894 mortis
507 858 675 906 evolant3

131 913 195 950 Nil
225 914 329 952 lenta
359 914 490 961 perdit
520 914 650 964 coctio,

801 85 972 125 69—

875 201 911 239 6.
947 200 1070 237 Intrat
1102 200 1268 237 latenter
1299 200 1444 241 abdita.

946 257 1072 294 Vitale
1102 255 1214 294 funus
1242 268 1395 295 maeror
1428 263 1498 306 est,

949 314 1072 351 Velox
1106 314 1256 351 medela
1286 315 1481 353 transitus.

948 371 1049 408 Risit
1082 369 1247 407 furorem
1279 371 1479 419 principis,

883 473 920 511 7.
951 472 1051 509 Fide
1081 477 1256 509 manente
1287 474 1473 510 cursitans

952 529 1071 566 Fixus
1103 540 1172 575 per
1202 529 1332 566 orbem
1364 530 1524 578 ducitur,

952 586 1033 631 Qua
1065 586 1119 622 sol
1152 591 1325 623 coruscat
1355 587 1492 632 aerior,

953 642 1105 689 Negans
1138 642 1293 679 bibendi
1326 644 1487 690 copiam.

879 743 917 781 8.
949 744 982 780 A
1015 748 1063 793 te,
1097 745 1305 788 tremende,
1339 746 1532 795 sumimus,

950 800 1026 838 Ceu
1072 805 1202 838 nostra
1242 813 1337 849 quae
1375 813 1613 849 remuneras3

950 857 1007 894 Tu
1037 858 1145 894 mitte
1176 864 1346 895 sanctum
1378 870 1547 907 poscere,

946 914 1054 960 Quod
1086 915 1169 962 ipse
1200 915 1307 952 nobis
1341 915 1527 955 conferas.

135 1013 172 1052 l,
212 1012 228 1046 1
255 1015 418 1047 Dionisio
445 1015 484 1045 B.
512 1032 552 1037 -
583 1013 610 1052 1,
636 1012 657 1046 2
683 1015 784 1055 Quod
809 1015 847 1045 B.
874 1031 916 1035 —
946 1012 983 1053 2,
1014 1013 1029 1046 1
1056 1020 1171 1047 autem
1199 1016 1274 1048 loco
1302 1018 1340 1049 Β.
1366 1035 1410 1038 -
1435 1015 1473 1055 2,
1500 1015 1520 1048 3
1546 1022 1615 1050 tur-

44 1059 124 1101 pido
142 1060 180 1091 ss.
198 1077 243 1081 —
267 1058 300 1098 5,
326 1058 343 1091 1
370 1060 506 1092 destitit
521 1061 561 1092 B.
579 1078 624 1081 —
652 1058 682 1101 ξ),
709 1058 730 1092 2
755 1060 878 1092 adfieet
895 1061 935 1091 B.
953 1079 995 1083 —
1021 1060 1052 1099 5,
1077 1060 1098 1092 4
1116 1062 1236 1103 perdet
1255 1064 1293 1093 B.
1312 1080 1355 1084 —
1381 1061 1410 1099 6,
1430 1060 1451 1093 3
1467 1064 1618 1095 medella

47 1106 87 1138 B.
104 1123 148 1127 —
173 1103 204 1144 6,
228 1103 251 1136 4
266 1106 367 1138 Riset
382 1106 421 1138 B.
440 1123 484 1128 —-—
511 1107 693 1147 „Hymnus
712 1107 823 1138 sancti
842 1106 1018 1146 Dionysii,
1044 1106 1158 1139 dictus
1176 1118 1197 1139 a
1213 1108 1340 1140 domno
1362 1107 1558 1141 Ennodio.“
1587 1111 1613 1140 B
