1785 3111
693 75 1000 116 —307—

82 193 150 231 27.
180 190 400 238 Respexisti
431 194 471 227 at
501 190 677 240 Mariam,
902 191 968 230 31.
1002 191 1077 238 Sic,
1105 191 1171 238 sic,
1195 195 1336 237 pastor,
1358 201 1458 227 nunc
1477 191 1629 238 iacenti,

234 248 488 295 peccatricem
519 247 695 293 animam,
1056 248 1235 295 languido
1263 258 1307 285 ac
1339 247 1456 284 debili

177 305 281 351 Quae
299 308 524 351 compuncta
540 304 609 340 sub
622 307 810 341 momento
999 305 1238 342 Elevandum
1269 315 1418 341 manum
1449 303 1604 351 praebe,

232 361 334 399 haud
366 371 406 397 se
439 361 547 399 dedit
578 362 724 412 nuntio,
1054 361 1150 399 velis
1181 371 1241 397 me
1272 361 1430 408 erigere,

176 418 344 457 Pedibus
376 417 443 454 sed
475 418 677 464 provoluta
997 419 1050 456 Ut
1081 422 1230 455 erectus
1261 418 1402 465 possim
1434 421 1534 454 stare

235 473 387 512 deflevit
417 473 574 522 flagitia.
1051 486 1177 511 coram
1209 480 1258 521 te,
1293 475 1523 512 dulcissime.

81 568 146 606 28.
179 566 366 604 Lacrimis
403 576 465 602 eos
496 566 634 612 rigavit
895 568 959 605 32.
994 566 1129 612 Plagas
1160 576 1275 613 meas,
1312 562 1546 615 [cicatrices]

235 628 271 660 et
301 622 450 669 capillis
482 623 604 660 abluit
1048 633 1166 659 novas
1197 626 1310 668 atque
1342 627 1490 659 veteres

175 679 459 726 Frequentibus
495 680 644 716 stillans
674 679 808 727 guttis,
994 678 1156 716 Studeas
1189 680 1243 715 sic
1274 684 1314 715 tu
1347 689 1494 722 curare,

233 741 274 773 ut
306 741 452 773 careret
484 736 655 784 maculis,
1050 745 1202 782 quaeso,
1236 735 1333 772 bone
1364 735 1524 774 medice.

176 793 434 840 Perunxitque
465 794 622 839 pretiosi
994 791 1072 829 Sim
1105 802 1174 839 per
1203 795 1241 828 te
1271 797 1313 828 ut
1343 792 1431 828 hinc
1458 803 1628 838 securus,

234 849 400 887 fomento
431 850 605 887 antidoti.
1050 852 1205 885 sanatus
1236 848 1495 894 languoribus

78 943 143 979 29.
176 941 340 978 Multum
373 945 429 976 est
461 940 534 976 sibi
567 939 776 985 dimissum,
897 940 964 978 33.
996 939 1129 977 Oleum
1161 937 1366 975 infundens
1399 945 1582 980 sanctum,

234 997 334 1044 quod
367 997 501 1034 dilexit
533 997 751 1046 plurimum,
1054 995 1182 1032 vinum
1213 996 1325 1032 simul
1356 996 1552 1042 optimum,

174 1054 396 1092 Passionem
428 1059 631 1090 veneratur
995 1052 1117 1089 Tuum
1148 1063 1292 1099 ponens
1322 1053 1577 1090 interventum

232 1111 354 1159 huius,
389 1121 462 1157 quo
495 1110 680 1158 diligitur,
1053 1110 1241 1156 perducas
1273 1110 1322 1146 ad
1354 1110 1557 1156 stabulum,

174 1168 268 1205 Eius
303 1169 419 1214 capiti
452 1173 680 1215 unguentum
996 1166 1147 1203 Pellens
1163 1171 1335 1213 mortem,
1357 1167 1501 1204 donans
1514 1168 1629 1204 vitam

232 1223 512 1271 superfundens
543 1224 733 1271 pisticum.
1053 1222 1126 1269 fac,
1159 1227 1283 1259 tecum
1314 1229 1356 1262 ut
1386 1225 1545 1261 venian).

77 1317 143 1355 30.
175 1316 205 1354 Ο
237 1319 368 1353 sancta
398 1319 462 1352 tua
494 1315 679 1362 voluntas,
897 1313 963 1353 34.
996 1314 1151 1352 Duobus
1184 1314 1332 1360 largitis
1363 1316 1523 1351 nummis

234 1373 384 1409 creator
414 1377 450 1408 et
482 1372 643 1421 bonitas,
1054 1371 1163 1408 donis
1195 1369 1290 1408 fulto
1321 1372 1503 1419 mysticis,

176 1429 350 1476 Respicis
381 1429 444 1476 qui
475 1434 513 1468 te
545 1429 756 1477 credentes,
997 1428 1212 1466 Stabulario
1244 1428 1396 1465 comitte

234 1492 275 1523 ut
307 1498 329 1523 a
359 1490 481 1522 morte
512 1496 680 1532 revoces,
1054 1485 1127 1521 mei
1159 1496 1286 1521 curam
1318 1496 1463 1534 gerere,

175 1543 304 1580 Bonus
333 1548 465 1590 pastor
494 1553 583 1580 oves
615 1542 689 1579 tuis
998 1544 1042 1580 In
1073 1546 1138 1579 tua
1169 1542 1386 1579 reversione

232 1603 407 1647 reportas
437 1599 475 1636 in
507 1599 660 1638 umeris.
1053 1599 1201 1645 respice
1231 1609 1304 1647 me,
1338 1599 1510 1639 Domine.

486 1693 554 1730 35.
585 1691 669 1728 Hoc
702 1691 781 1737 des,
814 1694 924 1737 pater
953 1690 1132 1738 ingenite,

642 1752 732 1785 nate
762 1747 966 1795 unigenite,

585 1806 660 1842 Par
690 1805 848 1851 spiritus
880 1804 927 1842 ab
957 1809 1117 1851 utroque

642 1862 853 1907 procedens
883 1861 1082 1909 paraclite,

585 1918 687 1955 Deus
719 1929 828 1965 unus,
860 1918 1090 1965 sempiterne

641 1980 819 2022 regnator
849 1986 919 2023 per
949 1975 1112 2015 saecula.

149 2089 247 2120 Pass.
282 2099 344 2120 ms.
370 2088 606 2120 Admuntense
640 2098 730 2119 saec.
762 2085 849 2119 ¹¹s'12.
898 2088 981 2120 Cod.
1007 2087 1222 2132 Admunten4
1249 2085 1324 2119 664.
1349 2104 1394 2109 --
1422 2086 1452 2125 6,
1477 2086 1496 2118 6
1527 2088 1626 2118 Lies:

58 2134 242 2166 lasciviis?
268 2151 310 2156 —-
337 2132 375 2172 9,
407 2131 428 2165 3
453 2134 564 2165 factus
592 2132 650 2170 11,
685 2132 705 2165 5
731 2134 901 2175 Mensque
925 2133 973 2165 fit.
999 2151 1042 2154 —
1067 2131 1127 2171 13,
1153 2131 1173 2164 3
1199 2127 1412 2165 'Uberschuss
1437 2144 1506 2164 von
1532 2135 1628 2164 einer

59 2180 167 2212 Silbe.
192 2198 235 2202 —
263 2177 322 2218 15,
348 2178 367 2211 5
393 2180 638 2220 suspirantem.
664 2197 704 2200 —
734 2177 792 2217 16,
818 2178 838 2210 5
864 2179 1085 2210 Hierusalem
1112 2179 1215 2210 lunae
1241 2179 1422 2210 defectum.
1449 2196 1490 2200 —
1517 2176 1578 2215 ⁴20,
1605 2176 1625 2209 5

59 2227 186 2258 transit
202 2226 277 2267 ipse
294 2236 388 2267 prae.
406 2242 450 2247 —
470 2223 522 2261 29,
539 2224 562 2256 4
579 2236 600 2256 a
613 2236 681 2267 quo
696 2225 864 2267 diligitur.
878 2242 922 2245 —
936 2223 990 2263 31,
1007 2222 1028 2256 3
1046 2224 1266 2256 Elevandum
1282 2224 1336 2255 fiir
1350 2224 1392 2255 ad
1407 2224 1625 2255 elevandum.

61 2289 101 2292 —
129 2268 183 2310 34,
208 2268 229 2303 3
254 2273 389 2303 comite.
415 2288 459 2292 -—
488 2268 544 2308 35,
571 2270 586 2302 1
617 2271 693 2302 Hoc
718 2271 812 2302 Deus
839 2274 947 2311 pater.
