1785 3111
674 65 957 106 ...49-

598 232 658 269 49.
696 233 754 275 (2.)
791 233 974 268 Psalmus
1000 233 1032 268 Ι.

701 304 815 335 Carm.
841 304 919 335 VII.

311 407 453 445 Beatus
485 406 562 453 ille,
593 406 656 453 qui
688 407 823 453 procul
853 407 971 445 vitam
1002 417 1106 444 suam

313 463 374 502 Ab
406 463 608 511 impiorum
641 463 850 510 segregarit
883 463 1052 500 coetibus

311 521 363 558 Et
392 522 431 557 in
463 522 526 558 via
556 521 794 567 peccantium
826 531 899 557 non
931 521 1113 557 manserit

314 578 395 615 Nec
425 577 464 614 in
497 577 681 615 cathedra
712 577 905 626 pestilenti
937 577 1092 626 sederit,

255 638 276 673 5
311 635 388 672 Sed
420 635 535 672 corde
566 638 644 671 toto
676 633 773 671 fixus
804 634 842 670 in
872 634 993 680 legem
1025 634 1097 671 Dei

314 694 527 739 Praecepta
558 691 658 728 vitae
688 698 798 727 nocte
830 691 949 727 volvit
980 694 1017 726 et
1049 691 1110 727 die

314 749 558 794 Mentemque
590 747 703 784 castis
735 747 919 784 institutis
953 748 1104 786 excolit.

314 806 401 842 Erit
431 805 497 841 ille
526 809 568 841 ut
599 804 726 851 arbor,
759 815 854 850 quae
884 805 1098 851 propinqua
1129 803 1273 841 flumini

312 862 481 899 Humore
512 861 620 907 ripae
650 861 842 898 nutriente
874 862 1044 908 pascitur

229 920 280 958 10
314 918 464 965 Suoque
495 916 660 955 fructum
692 918 804 964 plena
836 919 974 955 reddet
1004 923 1178 965 tempore

312 976 366 1013 Et
397 973 535 1012 fronde
566 986 755 1022 nunquam
790 974 980 1014 defluente
1012 975 1209 1022 pervirens

315 1032 441 1070 Stabit.
476 1032 635 1078 perenni
666 1032 836 1069 vividum
869 1032 1010 1079 lignum
1043 1043 1161 1071 coma.

313 1089 398 1126 Non
430 1089 524 1126 haec
554 1089 703 1136 iniquos
734 1094 986 1136 prosequetur
1016 1090 1150 1137 gloria,

315 1146 403 1194 Sed,
437 1150 479 1182 ut
509 1144 680 1183 favillam
711 1146 881 1192 pulveris
913 1150 1047 1183 ventus
1079 1146 1195 1193 rapit,

232 1205 281 1242 15
316 1203 379 1241 Sic
408 1203 466 1240 ira
498 1203 647 1250 iniquos
677 1207 804 1239 verret
836 1215 858 1240 a
888 1204 995 1240 vultu
1022 1203 1107 1241 Dei,

313 1260 465 1297 Idcirco
496 1260 565 1297 tali
598 1260 819 1297 dividentur
849 1260 984 1297 ordine

312 1317 515 1355 Hominum
548 1327 619 1363 per
649 1317 778 1354 orbem
812 1317 1083 1364 dissipatorum
1115 1327 1262 1364 greges,

314 1374 368 1412 Ut
397 1374 594 1411 iudicandi
627 1385 700 1411 non
732 1380 931 1421 resurgant
963 1374 1081 1423 impii,

315 1431 387 1478 Qui
420 1431 655 1478 denegarunt
688 1431 856 1467 debitum
888 1431 1029 1468 cultum
1060 1431 1156 1479 Deo,

229 1489 280 1526 20
314 1488 388 1526 Sed
421 1488 623 1536 puniendi,
657 1498 817 1535 namque
851 1489 993 1525 crimen
1025 1488 1182 1525 evidens

311 1545 397 1582 Non
428 1545 616 1591 indigebit
646 1545 865 1591 quaestione
898 1545 1036 1592 detegi,

311 1601 494 1648 Quoniam
525 1602 783 1638 imminentem
814 1601 1036 1649 praeferent
1066 1601 1198 1638 mortis
1232 1608 1359 1639 notam

313 1658 468 1706 Signum
500 1659 633 1695 salutis
665 1670 739 1696 non
768 1663 942 1706 gerentes
974 1658 1179 1697 frontibus.

313 1717 499 1754 Peccator
529 1720 654 1752 autem
687 1727 760 1753 non
792 1721 830 1752 et
859 1717 997 1763 impius
1028 1720 1167 1765 tamen,

229 1774 278 1810 25
313 1773 416 1818 Quae
442 1784 579 1819 magna
609 1773 722 1810 turba
753 1778 822 1819 est,
854 1785 927 1810 non
960 1776 1134 1820 resurget
1163 1773 1319 1820 gloriae,

311 1830 451 1866 Verum
484 1834 655 1877 resurget
690 1830 910 1876 deputanda
941 1830 1117 1868 examini.

312 1887 394 1923 Nec
425 1886 523 1923 enim
554 1887 689 1923 sedere
721 1898 803 1924 cum
837 1888 910 1933 piis
941 1887 1056 1924 iudex
1087 1891 1213 1934 potest

312 1943 453 1981 Causas
484 1953 637 1980 suorum
668 1944 888 1981 redditurus
919 1948 1071 1981 actuum

313 2000 504 2046 Varieque
536 2001 652 2047 gestis
685 2005 750 2038 aut
780 2001 1000 2047 probandus
1032 2005 1097 2038 aut
1127 2011 1227 2038 reus.

229 2058 280 2094 30
314 2057 404 2095 Sine
434 2057 520 2107 lege
550 2058 690 2104 passim
722 2059 817 2105 legis
848 2058 970 2105 ignari
1003 2058 1153 2107 cadent,

316 2116 358 2152 In
390 2114 474 2161 lege
504 2115 635 2161 lapsus
666 2115 749 2162 lege
780 2115 1025 2154 iudicabitur.

314 2171 417 2218 Opus
448 2181 518 2218 per
549 2182 657 2208 omne
689 2177 816 2209 curret
844 2172 942 2219 ignis
973 2172 1136 2221 arbiter,

313 2228 420 2274 Quod
452 2238 525 2265 non
558 2229 737 2266 cremarit
767 2227 930 2275 flamma,
963 2229 1030 2266 sed
1062 2229 1298 2276 probaverit,

315 2285 416 2322 Illud
449 2285 608 2331 perenni
639 2287 809 2332 praemio
841 2286 1078 2332 pensabitur.

231 2341 281 2378 35
314 2341 384 2388 Qui
416 2343 694 2379 concremanda
724 2343 898 2388 gesserit,
932 2343 1109 2380 damnum
1141 2341 1253 2390 feret,

313 2398 388 2435 Sed
416 2398 500 2447 ipse
530 2399 657 2436 salvus
689 2399 855 2436 evolabit
884 2399 1057 2446 ignibus,

314 2455 456 2492 Tamen
489 2455 635 2492 subusti
668 2457 839 2503 corporis
870 2456 988 2503 signis
1020 2457 1135 2493 miser

315 2512 442 2548 Vitam
474 2512 631 2560 tenebit,
664 2524 738 2549 non
770 2513 915 2550 tenebit
946 2513 1118 2560 gloriam,

315 2569 410 2615 Quia
442 2579 555 2605 carne
586 2570 722 2617 victus,
754 2574 880 2606 mente
912 2580 986 2606 non
1018 2581 1149 2608 versus
1181 2574 1321 2620 tamen,

230 2626 282 2663 40
315 2626 401 2662 Etsi
432 2626 578 2672 negarit
612 2626 779 2663 debitam
811 2627 885 2674 legi
915 2626 1030 2663 fidem

315 2683 390 2720 Per
419 2683 537 2720 multa
569 2693 683 2729 saepe
716 2684 916 2720 devolutus
948 2683 1119 2732 crimina,

313 2738 576 2791 Tamenlfidei
607 2751 742 2777 nomen
773 2746 968 2777 aeternum
1000 2751 1149 2790 gerens,

313 2794 514 2842 Nunquam
547 2796 681 2833 salutis
713 2797 902 2834 exsulabit
932 2796 1082 2835 finibus.

105 2861 268 2895 Dreves,
295 2863 502 2891 Lateinisehe
523 2865 814 2898 Hymnendichter.
854 2865 910 2892 IX.
