1785 3111
784 62 1096 102 *330—

157 178 317 209 Casinen.
348 178 414 215 VI,
447 174 487 207 10
511 176 580 213 (bei
607 176 800 211 Murat0ri‚
827 175 954 206 Rerum
981 175 1094 206 Italic.
1122 176 1262 217 Soriptt.
1289 176 1355 213 VI,
1382 172 1426 207 34
1452 173 1535 215 sq.);
1560 174 1632 206 Leo
1657 184 1726 205 von
1771 164 1774 166 ¹

157 223 266 261 Ostia,
294 223 493 254 Chronicon
517 222 650 252 Montis
677 221 839 252 Casinen.
865 221 1037 252 Muratori
1062 221 1121 258 IV,
1146 219 1223 252 455.

248 268 318 299 Fiir
355 268 411 298 die
441 266 609 299 Gediehte
642 266 822 307 Alphanos
860 265 1022 297 kommen
1059 267 1143 297 zwei
1177 265 1441 306 Hauptquellen
1477 266 1513 296 in
1545 264 1720 297 Betracht:

155 312 299 344 Erstens
337 313 392 344 die
424 311 653 344 Handschrift
686 313 800 342 seiner
833 310 1001 343 Gediohte
1036 311 1118 342 cod.
1154 312 1316 344 Casinen.
1349 307 1414 342 280
1448 320 1537 342 saec.
1570 308 1622 341 11.
1655 320 1724 349 ex.;

156 358 321 389 zweitens
356 358 417 389 das
444 357 574 389 settene
601 356 849 390 Saminelwerk
876 356 935 387 des
960 358 1040 388 Tito
1066 357 1237 398 Prospero
1263 357 1505 398 Martinengog
1537 355 1606 398 vgl.
1632 355 1725 387 Titel

156 403 226 434 und
251 404 370 434 Inhalt
386 403 487 434 Anal.
509 403 624 441 XXII,
644 401 663 434 5
683 413 732 444 sq.
776 403 849 433 Ans
875 402 995 433 diesen
1021 402 1144 433 beiden
1163 403 1312 442 Quellen
1329 402 1407 433 sind
1425 402 1480 433 die
1498 400 1727 443 liturgischen

155 450 319 489 Hymnen
345 449 524 490 Alphanos
552 448 680 480 bereits
701 449 747 478 im
766 448 842 478 XX.
861 447 981 478 Bande
1006 447 1066 479 der
1091 448 1259 479 Analecta
1285 447 1453 489 gedruekt
1478 446 1629 478 worden.
1676 446 1725 477 Es

155 493 233 524 sind
259 494 315 525 die
340 494 545 536 folgenden:

200 567 329 599 Adesto
355 571 474 599 sancte
500 568 644 608 spiritus
677 589 1486 598 ...............
1522 567 1600 605 XX,

201 613 253 644 Ad
279 615 388 654 patris
414 613 519 644 decus
546 613 668 654 optimi
733 634 1600 644 ................

201 659 303 690 Alma
329 659 402 690 dies
429 658 551 689 rutilat
575 661 648 689 toto
675 658 902 689 celeberrima
928 658 1055 688 inundo
1079 680 1601 691 ..........

202 704 450 744 Apostolorum
479 704 589 735 nobili
618 705 767 735 victoria
793 726 1601 737 ...............

203 750 310 781 Ardet
335 751 487 781 intactae
512 750 637 780 faciem
662 749 800 790 puellae
850 771 1600 780 ..............

201 796 316 826 Aureo
343 795 428 826 solis
454 795 552 826 radio
583 796 725 832 perenni
794 816 1601 826 ...............

203 841 296 872 Eece
321 840 395 872 dies
422 841 525 872 rediit
553 840 656 871 iubili
679 862 1602 871 .................

202 887 347 917 Fontem
373 887 536 926 perennis
561 887 697 927 gratiae
736 908 1602 917 ................
1616 898 1619 901 ·

203 932 335 973 Fulgur
361 935 521 972 aspectus
548 933 681 972 placuit
704 932 859 961 virorum
908 953 1601 963 .............

203 977 362 1009 Gaudere
388 978 510 1008 fratres
537 987 600 1007 nos
626 976 729 1008 hodie
754 976 852 1007 decet
909 998 1601 1008 .............

204 1023 290 1064 Igne
316 1022 429 1053 divini
456 1022 597 1053 radians
626 1023 754 1053 amoris
793 1045 1601 1054 ...............

204 1069 354 1099 Laetare
379 1071 489 1098 mater
516 1069 668 1109 parturis
695 1078 784 1108 quae
808 1066 899 1097 filios
965 1090 1601 1099 ............

202 1113 384 1145 Laudibus
411 1114 536 1143 vestris
562 1113 773 1144 modulando
799 1116 917 1144 noster
965 1135 1602 1144 ............

202 1159 336 1190 Praebe
363 1158 500 1189 Christe
526 1159 732 1190 canentibus
792 1180 1600 1191 ...............

205 1204 296 1243 Quid
322 1209 382 1235 ‘tuo
408 1205 509 1235 nobis
536 1205 653 1245 potius
680 1204 816 1244 placere
848 1227 1603 1235 ..............

204 1251 278 1281 Rex
304 1260 423 1290 regum
451 1251 545 1280 Deus
572 1251 725 1280 oninium
796 1272 1602 1281 ...............

207 1296 312 1327 Salve
338 1295 412 1326 dies
438 1296 612 1327 tutoribus
673 1317 1603 1326 .................

207 1342 345 1373 sanetis
372 1341 583 1381 martyribus
610 1341 686 1372 laus
713 1340 824 1372 honor
849 1345 883 1372 et
907 1341 1011 1372 decus
1081 1364 1603 1373 ..........

205 1388 314 1427 Virgo
340 1386 455 1417 dicata
485 1388 558 1418 Deo
586 1387 685 1417 nobis
712 1386 892 1418 Christina
916 1388 1030 1417 faveto
1081 1409 1603 1417 ..........

205 1433 313 1473 Virgo
341 1432 464 1463 sideris
490 1432 598 1463 ardua
624 1432 764 1463 sedibus
792 1454 1603 1464 ...............

205 1478 306 1508 Votis
333 1481 469 1508 tuorum
498 1478 635 1509 Christe
660 1477 816 1509 fidelium
858 1500 1605 1509 ..............

1652 562 1726 597 190.

1649 609 1724 643 244.

1648 653 1726 688 230.

1651 699 1726 733 188.

1650 812 1727 870 22>er

1650 908 1727 962 2742

1653 973 1727 1008 197.

1653 1044 1728 1098 189]

1656 1455 1729 1508 107'.

250 1550 320 1581 Ein
346 1552 599 1582 Reimoffioium
635 1553 697 1582 auf
723 1552 778 1583 die
812 1552 859 1583 hl.
885 1552 1019 1582 Sabina
1050 1551 1141 1582 steht
1171 1551 1273 1582 Anal.
1298 1552 1434 1589 XXIV,
1465 1549 1532 1582 274
1557 1561 1632 1592 sqq.
1680 1551 1728 1582 Es

161 1596 299 1628 bleiben
330 1596 406 1627 hier
437 1608 501 1627 nur
528 1598 642 1637 einige
669 1597 797 1629 audere
820 1596 971 1638 lyrische
998 1597 1145 1628 Poesien
1173 1597 1352 1638 Alphanos
1379 1596 1647 1639 nachzutragen,
1673 1596 1729 1627 die

161 1641 234 1672 sich
267 1652 332 1673 nur
362 1643 416 1673 bei
443 1643 664 1683 Martineiigo
691 1643 816 1675 finden.
868 1644 956 1674 Dom
982 1644 1098 1674 ssruno
1126 1643 1250 1674 Albers
1276 1644 1311 1674 in
1336 1644 1456 1674 Monte
1482 1643 1610 1674 Casino
1635 1642 1730 1673 hatte

161 1687 218 1719 die
243 1688 343 1726 Giite,
369 1688 424 1719 die
449 1689 556 1719 Texte
582 1688 762 1719 nochiuals
789 1690 851 1719 mit
877 1689 936 1719 der
962 1692 1076 1719 ersten
1100 1689 1272 1729 Ausgabe‚
1300 1686 1425 1728 Nr.(1)
1449 1689 1513 1719 rnit
1531 1688 1592 1720 der
1608 1687 1729 1719 Hand-

162 1732 284 1763 sehrift
308 1743 351 1763 zu
380 1734 613 1774 vergleiehen.

579 1958 660 1994 2³55.
698 1959 758 2001 (l.)
791 1959 846 1993 Ad
874 1958 1077 1994 christum
1103 1959 1304 2003 precatio.

336 2052 486 2090 Christe
517 2053 633 2100 Deus,
667 2053 767 2090 vitae
801 2064 912 2090 verae
944 2052 1153 2090 fabricator
1183 2058 1219 2089 et
1250 2054 1384 2102 almae,

390 2109 540 2147 Christe
572 2110 686 2159 Deus,
721 2110 871 2156 pulchri
903 2110 1079 2146 conditor
1111 2114 1223 2156 atque
1256 2109 1356 2155 boni,

333 2166 483 2205 Christe
516 2167 630 2212 Deus,
660 2178 729 2213 per
760 2177 883 2214 quem,
916 2167 1016 2213 quod
1049 2178 1121 2203 non
1155 2171 1224 2210 est,
1256 2166 1381 2203 tendit
1413 2167 1462 2204 ad
1494 2177 1576 2204 esse

396 2224 534 2270 Atque,
567 2224 666 2270 quod
696 2227 764 2267 est,
800 2222 939 2260 factum
969 2224 1138 2260 creditur
1169 2234 1213 2260 ex
1248 2223 1389 2272 nihilo3

262 2283 284 2318 5
334 2279 499 2325 Christe,
534 2281 671 2317 malum
704 2280 766 2327 qui
800 2292 873 2317 non
906 2280 1021 2317 ullum
1056 2279 1151 2316 facis
1183 2284 1220 2316 et
1248 2278 1342 2316 facis
1375 2290 1469 2330 esse,

396 2337 566 2373 Pessima
597 2347 643 2373 ne
675 2336 768 2373 fiant
799 2343 835 2373 et
866 2337 964 2373 bona
996 2337 1244 2386 proveniant3

332 2392 494 2433 Christe
529 2394 667 2429 malum
701 2394 857 2430 nihilum
890 2394 952 2440 qui
986 2392 1289 2440 confugientibus
1321 2393 1369 2429 ad
1402 2396 1452 2441 te,

392 2450 461 2495 Qui
493 2460 580 2485 vere
615 2450 733 2486 bonus
767 2461 818 2496 eS‚
851 2460 896 2486 ex
929 2451 1076 2486 ratione
1108 2450 1268 2499 probas3

333 2505 482 2542 Christe
514 2506 629 2553 Deus,
663 2517 730 2552 pei·
761 2518 870 2552 quem
902 2512 986 2543 sunt
1019 2512 1056 2542 et
1090 2518 1171 2543 cuni
1203 2510 1313 2553 parte
1343 2506 1499 2543 sinistra

234 2563 284 2600 10
389 2562 522 2599 Omnia
554 2562 725 2608 perfecta
758 2564 920 2613 condita,
955 2563 1126 2609 pulchra,
1162 2563 1280 2612 bona3

332 2618 480 2655 Christe
512 2619 626 2664 Deus,
661 2630 783 2665 quem⁷
816 2620 1000 2666 quidquid
1033 2630 1159 2656 amare
1192 2623 1328 2668 potest,
1362 2623 1462 2656 amat
1494 2619 1605 2665 illud,

334 2712 337 2713 ⁷
396 2674 484 2712 Sive
516 2675 565 2711 sit
597 2677 773 2721 ignorans
805 2677 883 2713 sive
915 2677 1050 2722 sciens,
1083 2676 1183 2722 quod
1215 2681 1338 2722 amat3

333 2731 494 2777 Christe,
529 2738 639 2778 pater
670 2732 846 2777 clemens,
881 2734 938 2769 cui
971 2744 1097 2770 verum
1130 2744 1203 2768 non
1234 2733 1305 2769 nisi
1337 2732 1496 2769 mundos

392 2788 560 2825 Noscere
592 2787 802 2835 perfectum
835 2794 872 2825 et
903 2789 1074 2836 reperire
1105 2789 1256 2835 plaeet3
