1785 3111
759 70 1070 110 —246—

448 237 530 273 186.
568 237 625 278 (3.)
659 237 807 273 Versus
833 237 883 272 ad
908 246 1043 280 regem
1069 238 1377 283 suscipiendum.

449 332 484 369 1.
532 332 809 377 Imperatorum
841 330 1013 377 genimen
1043 336 1252 380 potentum,

528 388 656 425 Macte
687 398 887 434 regnorum
918 388 1086 425 novitate
1116 389 1224 435 mira,

527 445 684 491 Semper
713 444 878 490 antiquis
910 442 1061 481 famulis
1092 445 1254 492 benigne

663 501 757 547 Rex,
788 501 980 540 miserere.

444 605 481 642 2.
528 603 714 639 Franciae
745 613 852 649 reges
884 603 1049 639 micuere
1080 607 1209 650 patres

525 659 679 706 Fulgidi
710 659 809 705 regis
841 660 975 696 Karoli
1005 670 1074 706 per
1104 660 1246 707 orbem,

527 716 607 753 Nec
637 716 760 752 minus
791 719 930 753 matres
962 716 1174 754 Alemanna
1205 717 1319 755 tellus

658 773 767 810 Misit
798 773 973 809 honoras.

439 876 475 913 3.
523 875 597 911 Hic
630 875 773 923 domus,
808 875 879 911 hac
910 878 967 910 est
997 875 1124 920 patria
1156 879 1306 912 creatus

522 931 668 967 Fautor
698 931 874 969 Otmarus
904 931 1128 967 benedictus
1160 931 1271 978 abba,

528 987 663 1024 Gallus
696 998 741 1024 ex
774 987 913 1024 Scottis
945 987 1100 1024 veniens
1132 988 1260 1026 beavit

658 1044 791 1082 Omnia
823 1049 964 1082 nostra.

437 1148 473 1183 4.
526 1145 716 1183 Barbaros
747 1149 895 1182 terrens
927 1146 1103 1194 proprios
1136 1145 1276 1191 foveto,

525 1202 616 1240 Cum
648 1202 782 1249 quibus
814 1213 943 1239 omnes
974 1202 1142 1240 Orientis
1172 1207 1288 1249 artes,

524 1259 642 1296 Immo
674 1259 851 1305 quadrati
882 1259 1082 1306 superabis
1114 1260 1196 1297 arvi

660 1316 813 1353 Summa
844 1316 903 1353 vel
936 1317 1023 1354 ima.

437 1422 474 1456 5.
523 1419 621 1454 Iuris
652 1422 688 1454 et
719 1419 825 1464 pacis
857 1418 1075 1455 moderator
1106 1428 1259 1465 aequus⁷

523 1475 767 1524 Temperans,
802 1473 910 1511 fortis
943 1475 1070 1521 vigeas
1102 1485 1172 1521 per
1202 1486 1310 1511 omne

521 1532 686 1578 Tempus
719 1532 779 1568 hic
812 1531 965 1578 degens,
999 1542 1114 1578 super
1145 1535 1249 1568 astra
1280 1532 1374 1568 caeli

654 1589 754 1625 Hinc
785 1588 971 1626 abiturus,

221 1688 364 1719 (¹011ect.
394 1700 454 1720 ms.
482 1689 711 1731 Sangallense
738 1700 826 1720 saec.
857 1688 889 1720 9.
938 1689 1020 1721 Cod.
1048 1689 1248 1731 Sangallen.
1275 1686 1351 1720 889.
1377 1688 1417 1719 Α.
1437 1706 1480 1710 —
1504 1689 1607 1730 Trop.
1635 1699 1696 1719 ms.

133 1734 362 1773 Sangallense
398 1745 486 1766 saec.
516 1733 567 1766 10.
619 1733 701 1766 cod.
729 1732 928 1776 Sangallen.
955 1732 1032 1765 381.
1058 1735 1096 1765 Β.
1123 1751 1166 1755 ——
1197 1736 1303 1775 „Item
1329 1734 1370 1765 de
1397 1745 1464 1775 quo
1491 1732 1628 1775 s11pi·a“.
1656 1752 1697 1756 —

135 1780 214 1818 „sie
254 1778 387 1811 scheint
421 1780 679 1811 VValdrammus
716 1790 792 1811 zum
826 1780 1006 1811 Verfasser
1040 1790 1082 1810 zu
1114 1780 1245 1817 haben,
1282 1780 1406 1811 dessen
1440 1781 1572 1811 Namen
1607 1781 1698 1811 beim

134 1825 361 1855 unmittelbar
409 1825 717 1866 wwrhergehenden
758 1824 925 1857 Gedichte
974 1826 1009 1855 in
1058 1825 1118 1856 der
1159 1825 1387 1856 Handschrift
1425 1829 1580 1866 genannt
1619 1823 1696 1856 ist.“

133 1866 327 1911 Schuliger,
363 1870 617 1911 SssingerSChule
652 1872 685 1902 S.
713 1868 766 1901 32.
801 1874 870 1902 not.
895 1868 926 1902 2.
974 1872 1099 1901 Dieser
1124 1871 1242 1902 Grnnd
1276 1871 1398 1911 besagt
1427 1870 1552 1902 nichts.
1603 1871 1698 1902 Auoh

133 1915 280 1946 Scherer
306 1915 377 1957 leg-t
402 1917 448 1946 im
470 1916 964 1948 Handschriftenverzeichnis
988 1926 1058 1947 von
1084 1916 1132 1948 St.
1159 1917 1284 1948 Gallen
1317 1916 1379 1947 das
1404 1916 1553 1947 Gedieht
1578 1916 1697 1947 Wald-

133 1970 239 1990 ramm
269 1961 340 1995 bei:
368 1961 455 1992 doch
482 1963 527 1993 ist
552 1964 627 1993 sein
652 1962 834 2003 Anspruch
863 1961 1082 1993 zweifelhaft.

521 2117 600 2153 185.
637 2118 696 2160 (4.)
733 2118 884 2153 Versus
911 2118 960 2153 ad
986 2117 1309 2153 Processionem.

302 2211 347 2249 R.
397 2211 503 2247 Votis
535 2211 770 2258 supplicibus
803 2223 913 2249 voces
945 2223 1060 2258 super
1088 2216 1193 2249 astra
1223 2209 1402 2257 feramus,

445 2267 583 2305 Trinus
614 2272 655 2304 ut
687 2272 724 2305 et
755 2269 916 2315 simplex
948 2280 1015 2305 nos
1047 2271 1153 2315 regat
1184 2268 1435 2314 omnipotens,

179 2358 196 2393 1
249 2356 386 2393 Sancte
417 2362 537 2403 pater,
570 2358 657 2395 iuva
687 2370 767 2403 nos,
997 2360 1035 2397 3.
1068 2358 1242 2395 Summae
1273 2358 1375 2395 sedis
1407 2358 1590 2407 minister,

247 2412 384 2450 Sancte
416 2413 482 2462 fili,
517 2415 622 2452 salva
653 2426 733 2460 nos,
1066 2416 1155 2461 Quis
1185 2419 1225 2451 ut
1254 2415 1370 2456 Deus,
1403 2415 1582 2464 Michael‚

247 2469 411 2515 Compar
442 2470 500 2506 his
531 2475 567 2507 et
600 2472 770 2518 spiritus,
1068 2472 1159 2510 Cum
1192 2471 1365 2517 supernis
1399 2471 1542 2508 civibus

247 2525 382 2574 Ungue
412 2538 479 2563 nos
511 2527 750 2566 intrinsecus,
1067 2527 1125 2564 Sis
1157 2528 1264 2565 nobis
1296 2528 1498 2574 propitius.

180 2619 215 2656 2.
252 2616 390 2654 Sancta
422 2617 525 2664 virgo
556 2618 754 2665 virginum,
996 2621 1033 2659 4,
1067 2619 1209 2655 Praeco
1241 2618 1384 2655 Christi
1416 2618 1615 2667 Iohannes,

249 2673 368 2710 Stella
398 2673 523 2717 maris,
558 2674 694 2721 Maria,
1065 2675 1167 2724 Agni
1198 2675 1269 2711 Dei
1301 2679 1487 2723 ostensor,

248 2730 304 2766 Tu
335 2741 405 2776 pro
436 2730 545 2767 nobis
577 2730 695 2768 filium
1065 2731 1333 2778 Redemptoris
1364 2731 1531 2777 baptista

247 2786 333 2834 Ora,
366 2786 556 2824 Christum
588 2787 800 2828 Dominum.
1064 2788 1120 2824 Tu
1153 2799 1220 2824 nos
1252 2788 1332 2825 Deo
1364 2788 1596 2825 commenda.
