1785 3111
663 73 969 114 —171—

111 183 142 217 3.
168 186 316 227 Luxque
340 186 514 224 tenebrae,
988 188 1092 220 Cetus
1119 186 1162 230 [12
1189 185 1288 229 Cete]
1313 190 1347 219 et
1372 188 1469 229 ipsae

167 231 322 274 Fulgura
345 241 409 263 nec
433 243 486 271 ne,
986 233 1155 265 Volucres
1181 236 1337 274 cunctae,

166 277 304 308 Montes
331 280 365 308 et
388 277 507 316 colles,

167 322 333 354 Flumina
356 322 480 361 fontes,
930 322 960 355 6.
988 325 1128 356 Bestiae
1154 327 1299 356 cunctae

989 370 1100 401 Simul
1126 374 1160 401 et
1184 380 1302 402 omnes

112 410 144 444 4.
170 413 285 445 Maria
309 424 372 445 nec
396 424 467 445 non
988 416 1140 456 Spiritus
1166 418 1270 456 atque
1293 414 1341 455 (et
1364 413 1442 455 Hs.)

167 459 290 500 Aquae
315 462 540 500 cunctaeque,
987 461 1123 492 Cuncta
1148 464 1295 500 sacrata,

165 504 223 536 Sic
248 514 386 546 quoque
410 505 560 545 nymfae,

165 549 334 590 Quaeque
359 560 542 591 supernae.
929 549 961 582 7.
986 552 1071 582 Tres
1098 553 1266 593 puerique

102 616 113 621 ί
988 596 1098 628 Simul
1124 597 1280 635 honeste,

96 625 117 650 ο
135 664 142 672 .
168 640 304 672 Psallat
328 643 362 672 et
386 650 481 679 arva,
990 642 1118 683 Sidi-ag
1144 640 1206 684 [et]
1232 644 1345 675 Misac

167 686 305 718 Laudet
329 690 363 718 et
388 689 462 717 oret
988 687 1249 730 Abdenagoque

516 775 546 812 8.
573 776 750 819 Terna(m)
776 778 984 819 persona(m)

572 823 689 855 Unum
716 824 926 855 collaudent.

120 913 217 946 Ganz
243 924 280 944 so
305 912 413 945 findet
437 913 510 944 sich
539 914 599 945 der
624 914 713 945 Text
738 914 827 946 auch
853 916 890 946 in
906 916 1010 956 Trop.
1036 925 1098 946 ms.
1116 915 1344 947 Martialense
1370 925 1458 947 saec.
1479 913 1530 947 11.
1550 917 1597 948 in.

29 959 112 992 Cod.
138 959 290 990 Parisin.
318 956 415 990 1121.
464 960 539 990 Nur
563 958 594 998 6,
619 958 641 991 4
666 960 748 991 liest
772 960 868 991 diese
893 962 956 991 Hs.
984 961 1117 992 Cuncta
1144 962 1301 991 saneciti.

120 1006 192 1036 Das
219 1004 366 1036 Gedicht
397 1005 491 1036 ward
524 1005 576 1036 als
605 1004 793 1045 „Tractus“
826 1004 971 1037 beniitzt
997 1006 1173 1045 „Sabbato
1207 1010 1373 1048 quattuor
1404 1009 1597 1048 temporum

28 1051 197 1083 adventus
222 1046 388 1081 Domini“
416 1051 451 1089 1·,
482 1050 657 1089 „Sabbato
692 1055 858 1093 quattuor
882 1054 1076 1093 temporum
1102 1056 1181 1093 post
1205 1050 1453 1084 Pentecosten“
1483 1053 1513 1083 K
1538 1052 1598 1085 fol.

28 1097 120 1130 CXL
145 1106 265 1135 verso3
295 1095 472 1137 „Sabbato
499 1100 665 1137 quattuor
690 1100 884 1139 temporum
902 1096 1189 1129 Benedictiones‘⁴
1209 1098 1256 1137 (ἒς
1287 1099 1385 1139 „Duo
1411 1098 1529 1130 clerici
1555 1098 1597 1129 de

29 1141 181 1175 secunda
205 1142 316 1172 forma
341 1142 379 1173 in
396 1142 688 1183 superpellicibus
706 1142 749 1174 ad
767 1143 912 1183 gradum
931 1143 1029 1174 chori
1045 1143 1110 1174 hoc
1128 1143 1228 1175 modo
1249 1143 1369 1175 dicunt
1382 1142 1549 1175 tractum“
1569 1144 1597 1175 Ι.

422 1321 504 1357 123.
541 1321 599 1365 (3.)
635 1323 810 1365 Hymnus
839 1322 886 1357 de
914 1323 1055 1357 sancto
1084 1322 1201 1359 Gallo

567 1392 838 1424 Confessore
872 1393 1058 1425 Christi.

344 1496 381 1534 1.
413 1496 503 1533 Vita
536 1500 764 1545 sanctorum,
796 1497 869 1542 via,
902 1508 989 1543 spes
1021 1497 1208 1546 salusque,

415 1553 579 1600 Christe,
612 1553 772 1599 largitor
803 1553 1006 1600 probitatis
1037 1558 1150 1600 atque

415 1609 599 1647 Conditor
629 1610 748 1657 pacis,
780 1611 850 1647 tibi
882 1621 985 1656 voce,
1019 1621 1131 1648 sensu

504 1666 709 1713 Pangimus
741 1667 932 1714 hymnum.

345 1783 383 1819 2.
418 1779 531 1817 Cuius
564 1783 620 1816 est
651 1781 772 1817 virtus
802 1779 1006 1818 manifesta
1037 1786 1169 1826 totum,

415 1837 523 1884 Quod
544 1836 598 1884 pii
620 1842 789 1886 possunt,
818 1839 917 1885 quod
944 1839 1097 1886 habent,
1119 1839 1219 1886 quod
1241 1849 1318 1889 ore,

414 1894 540 1932 Corde
572 1894 632 1930 vel
663 1892 775 1931 factis
807 1895 976 1945 cupiunt,
1010 1896 1149 1933 amoris

504 1951 597 1998 Igne
627 1949 844 1998 flagrantes.

342 2066 380 2104 3.
413 2064 485 2110 Qui
512 2068 577 2102 tua
607 2069 779 2101 sanctum
811 2066 953 2112 pietate
988 2066 1140 2104 Gallum

412 2121 582 2159 Iudicem
615 2122 709 2158 lucis
741 2132 903 2168 superae
933 2123 1086 2172 dedisti,

411 2178 505 2216 Eius
535 2182 578 2215 ut
609 2179 711 2216 docti
743 2180 896 2216 monitis
927 2180 1104 2217 tenebras

503 2235 634 2272 Mente
665 2234 848 2283 fugemus.

340 2350 379 2389 4.
412 2349 486 2386 Hic
517 2348 566 2386 ad
598 2350 812 2396 exemplum
844 2350 1009 2386 volucris
1042 2361 1202 2387 canorae

412 2405 574 2443 Actibus
606 2416 689 2442 sese
719 2407 824 2452 prius
856 2407 1049 2453 excitavit,

412 2463 476 2513 Ut,
509 2463 610 2510 quod
642 2463 800 2510 ingessit
832 2464 939 2511 vigor
969 2464 1205 2510 instruentis,

504 2519 591 2567 Vita
621 2520 815 2567 probaret,

342 2635 379 2672 5.
411 2633 482 2679 Qui
513 2637 647 2680 potens
679 2633 808 2682 verbo,
841 2635 1080 2672 venerandus
1112 2639 1210 2682 actu,

412 2689 571 2736 Semper
601 2691 766 2727 aeternis
797 2691 945 2728 inhians
976 2692 1138 2740 lucellis,

410 2747 536 2784 Multa
566 2747 717 2785 virtutis
751 2748 888 2784 meruit
919 2759 1105 2795 supernae

501 2804 610 2841 Dona
641 2808 830 2850 patenter.
