1785 3111
710 64 1019 105 —539—

82 181 147 220 11.
193 181 223 219 Ο
254 181 420 228 insignes
451 189 614 231 sponsae
645 179 730 228 Dei,
874 180 940 218 12.
972 179 1089 216 Nulla
1119 182 1286 216 vestrum
1317 177 1372 215 ibi
1403 178 1513 222 desit,

196 238 441 283 Mementote,
473 246 625 283 quaeso,
657 236 743 282 mei,
972 236 1088 283 Virgo
1119 239 1240 272 mater
1271 235 1393 282 prima
1423 234 1579 283 praesit,

194 293 282 332 Non
312 293 364 332 sit
393 292 501 330 vobis
533 292 603 330 hoc
633 293 829 340 indignum
972 293 1013 330 Si
1045 303 1117 339 qua
1148 291 1241 328 mihi
1269 290 1358 331 faex
1389 290 1566 340 inhaesit,

194 351 438 398 Paupertatis
468 360 574 387 meae
602 350 761 397 signum,
971 350 1075 395 Quae
1105 359 1165 385 me
1196 359 1263 386 sua
1293 349 1379 386 labe
1409 348 1533 395 laesit,

192 408 244 445 Et
273 408 345 445 hoc
375 406 483 444 vobis
514 416 663 444 carmen
688 417 829 454 carum,
973 406 1112 443 Vestra
1143 415 1256 452 prece
1286 406 1420 452 procul
1449 404 1528 454 fiat,

191 463 736 511 QuamvisparVum‚quamvis
749 474 896 511 parum,
972 463 1047 500 Vos
1077 466 1300 509 praesentes
1331 462 1451 499 hostis
1481 462 1578 499 sciat

248 520 399 558 Feratis
431 531 514 557 cum
544 520 702 560 laetitia.
1025 519 1077 556 Et
1108 529 1148 556 se
1180 517 1376 557 confusum
1409 519 1548 558 doleat.

192 577 222 615 O
251 577 473 624 praeclarae
504 587 570 614 vos
601 577 763 626 puellae,
968 576 1162 624 Quidquid
1192 587 1355 622 unquam
1388 574 1461 613 feci
1492 575 1593 624 mali,

193 634 303 671 Nunc
333 634 490 681 implete
519 644 642 670 meum
674 634 772 671 velle
972 634 1105 669 Vestro
1136 631 1229 669 flore
1256 633 1445 682 virginali,

192 690 255 740 Et,
290 691 379 729 dum
409 691 542 728 mortis
573 690 677 727 venit
707 691 814 737 hora,
971 691 1000 727 O
1031 689 1194 736 puellae,
1226 689 1383 736 palliate

193 747 399 785 Subvenite
431 748 512 785 sine
542 758 664 793 mora;
971 747 1021 783 Et
1052 756 1112 782 me
1144 745 1224 782 Deo
1255 749 1508 795 praesentate,

194 804 238 841 In
270 809 347 842 tani
379 804 485 852 gra-vi
517 807 743 850 tempestate
971 804 1108 841 Coram
1140 812 1183 839 eo
1214 812 1360 839 mecum
1392 806 1501 844 state,

193 861 259 898 Me
289 866 510 908 praesentes
544 859 741 898 defensate
973 859 1133 896 Causam
1165 869 1286 896 meam
1318 857 1528 907 defensate,

250 920 286 955 A
319 919 543 955 daemonum
573 917 765 954 instantia.
1030 916 1087 952 Ne
1120 916 1235 953 draco
1267 916 1390 952 locum
1423 915 1573 954 habeat.

173 1020 252 1050 Van
289 1019 350 1050 der
386 1019 501 1051 Sterre
537 1018 593 1059 (ex
629 1029 691 1050 ms.
729 1016 990 1057 Steinfeldensi)
1022 1029 1054 1059 p.
1092 1014 1154 1048 231
1195 1027 1269 1059 sqq.
1306 1018 1347 1049 A.
1384 1035 1429 1038 —
1462 1017 1558 1049 Orat.
1592 1028 1654 1048 ms.

82 1064 347 1096 Lunaelacense
381 1075 469 1097 saec.
507 1062 559 1096 15.
609 1064 692 1096 Cod.
728 1064 972 1096 Vindobonen.
1006 1060 1107 1095 3835.
1140 1063 1181 1093 B.
1215 1080 1260 1084 —
1286 1064 1380 1095 Orat.
1408 1073 1469 1094 ms.
1497 1062 1530 1094 S.
1557 1063 1654 1094 Petri

79 1110 318 1152 Salisburgen.
346 1120 436 1142 saec.
463 1108 515 1142 15.
557 1109 640 1142 Cod.
665 1111 795 1141 Petrin.
820 1120 841 1141 a
864 1110 914 1141 IV
939 1107 993 1140 29.
1019 1110 1055 1142 C.
1082 1126 1125 1130 ——
1151 1108 1246 1140 Orat.
1273 1119 1335 1139 ms.
1355 1109 1548 1150 Campense
1569 1109 1655 1139 anni

83 1153 181 1187 1462.
223 1155 307 1188 Cod.
326 1155 586 1188 Darmstadien.
611 1153 688 1187 521.
719 1156 760 1186 D.
786 1173 831 1176 —
854 1155 996 1186 Collect.
1022 1165 1084 1186 ms.
1112 1154 1173 1186 ὃὸ.
1193 1154 1354 1186 Udalrici
1380 1158 1414 1185 et
1431 1154 1535 1185 Afrae
1555 1151 1652 1185 1481.

79 1201 367 1278 Clm.2Monacen.
392 1199 493 1233 4423.
512 1201 554 1233 Ε.
580 1220 623 1224 -
642 1201 736 1233 Orat.
763 1211 826 1232 ms.
844 1201 1067 1232 Lehninense
1092 1201 1175 1231 anni
1207 1197 1306 1231 1518.
1349 1200 1432 1232 Cod.
1452 1199 1654 1231 Perolinen.

171 1292 317 1324 Ferner:
352 1293 447 1324 Orat.
480 1303 543 1324 ms.
576 1293 696 1323 incert.
732 1293 818 1334 orig.
846 1301 935 1322 saec.
963 1289 1014 1322 15.
1065 1290 1147 1322 Cod.
1175 1290 1425 1332 Stuttgardien.
1454 1286 1504 1322 lb
1528 1287 1584 1322 40.
1609 1307 1654 1311 —

78 1338 175 1370 Orat.
201 1348 264 1369 ms.
290 1337 535 1370 Germanicum
561 1348 650 1369 saec.
680 1336 730 1369 15.
779 1337 863 1370 Cod.
889 1337 1041 1368 Parisin.
1069 1334 1196 1368 11:343.
1222 1355 1267 1357 —
1292 1336 1387 1368 Orat.
1414 1346 1476 1367 ms.
1504 1335 1537 1368 S.
1556 1335 1652 1366 Petri

77 1383 321 1426 Salisburgen.
356 1393 446 1415 saec.
484 1382 533 1415 15.
585 1383 668 1416 Cod.
702 1383 834 1415 Petrin.
861 1384 880 1415 b
910 1384 944 1414 II
970 1380 1001 1415 3.
1027 1402 1069 1405 ——
1095 1383 1251 1414 VVeitere
1278 1382 1427 1422 Quellen
1454 1381 1523 1412 und
1548 1381 1653 1412 deren

77 1429 250 1461 Lesarten
276 1428 372 1460 siehe
395 1429 501 1461 Mone
525 1430 588 1466 ΙΙΙ,
615 1427 690 1460 545.

170 1472 199 1512 1,
231 1472 253 1506 3
285 1474 508 1516 Refulgentes
540 1476 750 1516 margaritae
777 1474 876 1506 BCE.
902 1491 946 1495 —-
974 1473 1001 1513 l,
1030 1473 1059 1506 7.
1089 1472 1131 1505 ln
1157 1473 1325 1505 famulum
1352 1473 1518 1514 suscipite
1544 1472 1582 1503 F.
1610 1489 1654 1493 —

81 1518 108 1559 1,
137 1518 158 1552 8
193 1520 270 1562 Ego
303 1530 435 1562 pauper
470 1523 503 1552 et
533 1530 662 1561 egenus
688 1519 790 1551 malis
814 1519 851 1550 F.
878 1538 915 1542 —
949 1518 977 1558 1,
1007 1518 1045 1551 11
1074 1521 1154 1551 Fiat
1179 1522 1294 1550 vestro
1320 1518 1424 1550 BCE.
1449 1535 1491 1538 —
1517 1515 1549 1556 2,
1578 1516 1593 1548 1
1619 1521 1654 1549 et

79 1565 238 1607 agnellae
263 1565 364 1598 BCE.
389 1583 434 1586 —
458 1563 490 1604 2,
515 1563 536 1597 2
562 1566 672 1598 Carae
698 1565 829 1598 Christi
856 1566 898 1597 D.
925 1582 967 1587 —-
993 1563 1023 1603 3,
1051 1563 1071 1597 2
1097 1566 1268 1597 Castitate
1296 1567 1417 1595 sancta
1436 1563 1511 1602 CE3
1540 1564 1652 1595 Casti-

77 1614 149 1643 tate
180 1611 274 1643 facta
305 1611 345 1642 B.
382 1628 426 1633 —
458 1609 489 1651 3,
524 1610 544 1643 9
577 1612 700 1643 turbae
735 1611 818 1650 DE3
855 1615 935 1642 sunt
968 1621 1135 1643 amoenae
1160 1610 1261 1642 BCE.
1288 1627 1331 1631 —
1355 1608 1386 1647 4,
1416 1608 1456 1640 11
1483 1609 1654 1650 praecidit

77 1657 214 1689 BCDE.
240 1674 282 1678 -—
310 1655 342 1695 5,
370 1654 386 1688 1
413 1657 488 1689 Deo
514 1658 616 1689 turba
644 1657 680 1689 C.
710 1674 747 1678 —-
776 1655 806 1694 5,
833 1653 854 1687 2
878 1657 964 1688 Exit
989 1657 1051 1688 illa
1077 1656 1178 1688 BCE.
1206 1673 1250 1677 —-
1274 1654 1304 1693 5,
1336 1653 1355 1686 6
1382 1659 1456 1686 tota
1483 1654 1652 1686 divinalis

77 1702 180 1734 BCE.
212 1719 256 1723 —-
289 1700 319 1740 5,
353 1699 395 1734 10
420 1704 555 1735 Nomen
590 1704 688 1734 cuius
714 1703 756 1733 D.
783 1720 826 1723 —
852 1700 882 1741 5,
913 1700 953 1734 13
978 1702 1040 1734 illa
1065 1702 1151 1733 fehlt
1176 1702 1214 1732 F.
1240 1717 1282 1722 —
1309 1700 1339 1739 6,
1368 1699 1387 1732 2
1414 1704 1484 1732 Suo
1510 1700 1652 1731 trahens

79 1747 188 1787 BCE;
221 1747 378 1779 Trahens
408 1758 472 1780 vos
505 1759 567 1780 suo
602 1749 639 1779 F.
673 1765 716 1769 —
749 1746 779 1786 6,
814 1746 834 1779 5
867 1758 929 1789 per
959 1749 1079 1779 vineta
1103 1747 1204 1780 BCE.
1231 1764 1275 1768 —
1301 1746 1331 1785 6.
1359 1745 1379 1778 9
1405 1746 1516 1777 Omne
1542 1745 1652 1777 melos

79 1803 289 1835 organorum
331 1793 374 1832 F;
419 1794 528 1826 Omne
569 1794 678 1825 melos
719 1794 930 1825 musicorum
969 1793 1108 1825 BCDE.
1145 1811 1190 1814 —
1231 1790 1267 1830 6,
1310 1789 1351 1823 12
1389 1792 1651 1833 Consequentes

79 1838 309 1871 condecenter
340 1839 441 1871 BCE.
474 1857 517 1860 —
550 1838 588 1876 7,
622 1836 642 1871 3
675 1839 704 1870 O
729 1839 877 1871 dilectae
899 1839 1103 1871 consodales
1130 1838 1230 1871 BCE.
1259 1855 1303 1859 —
1330 1836 1361 1875 7,
1388 1836 1407 1868 5
1434 1838 1490 1868 Me
1514 1837 1651 1875 habete,

79 1895 133 1916 me
163 1884 279 1916 videte
312 1884 349 1915 F.
386 1902 429 1906 —
462 1883 493 1923 7,
519 1882 540 1916 8
572 1885 640 1916 Per
670 1886 911 1925 memetipsum
936 1895 1000 1916 vos
1028 1884 1069 1915 E.
1095 1901 1139 1905 —
1165 1883 1195 1922 7,
1221 1882 1241 1915 9
1267 1883 1314 1914 Et
1336 1883 1517 1914 vobiscum
1543 1883 1580 1914 F.
1612 1901 1650 1905 -

85 1928 116 1968 7,
146 1928 187 1961 10
219 1930 286 1961 Per
310 1930 472 1962 victrices
499 1941 517 1961 o
543 1930 662 1962 felices
688 1930 790 1962 BCE.
814 1948 859 1951 —
884 1928 915 1968 7,
943 1929 981 1961 11
1008 1931 1109 1962 Meae
1135 1940 1249 1961 merae
1273 1929 1318 1969 B;
1348 1929 1460 1961 Carae
1486 1938 1582 1959 meae
1609 1929 1652 1959 D.

80 1992 124 1997 —
157 1974 188 2013 7,
216 1973 256 2007 13
289 1976 391 2008 eorde
425 1986 518 2008 mero
552 1977 595 2008 D.
628 1994 673 1997 —
705 1973 737 2015 8,
763 1973 784 2007 2
817 1975 928 2008 Aures
955 1986 1082 2017 pronas
1108 1975 1271 2007 adhibete
1297 1975 1344 2013 Β,
1378 1974 1490 2005 Aures
1516 1977 1652 2005 vestras

80 2021 150 2053 ΟΕ.
175 2039 221 2042 —
245 2018 275 2059 8,
301 2019 323 2052 4
352 2022 400 2053 Et
424 2025 503 2064 post
527 2023 645 2053 mitem
670 2032 798 2063 agnum
824 2022 866 2061 F,
893 2022 979 2053 Post
1003 2021 1094 2052 hunc
1120 2032 1249 2063 agnum
1275 2021 1395 2051 mitem
1422 2021 1459 2050 B.
1484 2036 1528 2040 —
1553 2017 1585 2057 8,
1614 2016 1654 2050 12

80 2067 182 2098 terris
211 2066 390 2099 adamavit
414 2067 515 2099 BCE.
544 2085 584 2089 -
611 2065 642 2107 9,
667 2065 688 2099 3
714 2067 947 2105 Delectemur,
973 2067 1246 2105 iueundemuro)
1271 2067 1308 2097 F.
1338 2083 1383 2085 —
1408 2062 1439 2102 9,
1466 2063 1485 2095 5
1512 2065 1580 2095 Hic
1603 2068 1655 2096 est

81 2115 200 2144 noster
234 2113 409 2145 iubilaeus
442 2113 543 2145 BCE.
578 2129 622 2134 —-
654 2111 684 2152 9,
713 2111 733 2144 6
759 2124 794 2145 es
819 2116 867 2152 tu,
891 2113 986 2144 Deus
1014 2113 1050 2143 F.
1076 2130 1121 2132 —
1146 2110 1176 2150 9,
1204 2110 1223 2143 9
1249 2111 1341 2142 dulci
1370 2121 1428 2141 ore
1454 2109 1584 2142 BCEF.
1611 2127 1656 2131 —

81 2156 119 2196 9,
153 2155 175 2189 4
208 2158 261 2190 De
293 2169 378 2190 vera
406 2159 479 2190 vite
511 2159 612 2191 BCE.
646 2176 691 2180 —
724 2156 783 2197 10,
820 2156 836 2189 1
872 2158 901 2189 A
932 2162 965 2189 te
997 2168 1116 2189 omnes
1151 2166 1358 2189 coronamur
1391 2156 1429 2187 F.
1464 2173 1508 2175 —
1545 2153 1602 2189 10,
1634 2152 1654 2186 2

82 2203 343 2245 complexamur
365 2204 468 2236 BCE.
493 2221 537 2225 ——-
565 2203 617 2243 10,
641 2203 663 2235 4
689 2206 801 2244 Quam
826 2204 904 2244 EF,
931 2203 1090 2234 videntes
1117 2203 1153 2234 F.
1180 2220 1224 2223 —-
1252 2199 1302 2239 10,
1329 2200 1349 2233 6
1368 2202 1443 2240 Quo
1470 2211 1540 2231 non
1566 2201 1653 2232 satis

83 2249 253 2281 satiamur
278 2250 346 2281 BC.
380 2267 425 2270 —
459 2247 511 2287 10,
540 2248 582 2281 12
613 2251 673 2292 qui
698 2250 819 2280 vivisti
846 2249 883 2281 C.
908 2265 953 2269 —
979 2246 1032 2286 10,
1061 2245 1101 2279 13
1126 2249 1195 2287 Qui
1221 2258 1283 2278 nos
1313 2246 1355 2278 ad
1381 2250 1413 2278 te
1440 2246 1548 2285 BCE,
1587 2247 1656 2285 Qui

83 2304 147 2326 nos
181 2294 225 2325 ad
257 2294 324 2326 hoc
356 2296 394 2327 F.
427 2313 473 2315 —
500 2293 549 2326 10.
576 2294 598 2326 4
624 2296 678 2328 Sit
702 2296 767 2327 tibi
792 2295 869 2326 laus
896 2294 1036 2329 BCDF:
1063 2293 1144 2324 Tibi
1170 2293 1250 2324 laus
1276 2296 1309 2324 et
1334 2292 1376 2323 E.
1403 2310 1448 2313 —
1476 2290 1527 2324 11.
1555 2291 1574 2323 5
1602 2292 1656 2323 Sit

83 2339 150 2371 hoc
181 2340 283 2372 vobis
315 2341 353 2372 F.
386 2358 432 2361 —
466 2339 517 2378 11,
551 2340 571 2371 6
603 2341 774 2379 Quamvis
810 2349 949 2381 parum,
985 2340 1145 2380 quamvis
1179 2348 1294 2370 rarum
1319 2338 1357 2369 F.
1383 2355 1427 2358 ——
1455 2335 1506 2376 11,
1535 2336 1576 2369 10
1602 2338 1655 2369 bis

86 2382 137 2422 12,
171 2383 192 2416 2
224 2385 312 2418 inkl.
344 2385 459 2417 fehlen
490 2387 527 2417 B.
562 2403 605 2407 ——
641 2384 691 2423 11,
721 2383 762 2417 10
795 2388 895 2426 urget
928 2384 1014 2416 hora
1040 2384 1151 2423 CDE3
1186 2387 1285 2425 coget
1309 2383 1395 2414 hora
1423 2384 1460 2415 F.
1487 2401 1531 2404 β
1558 2380 1609 2420 12,
1636 2381 1656 2414 5

85 2430 172 2462 fehlt
195 2431 233 2462 F.
260 2449 304 2452 —
331 2429 381 2469 12,
411 2429 449 2462 11
477 2431 562 2463 fehlt
587 2432 632 2470 F3
666 2432 792 2463 Coram
817 2431 892 2462 Deo
919 2440 1052 2461 mecum
1078 2430 1146 2462 CE.
1173 2448 1217 2451 —
1243 2429 1341 2462 Naeh
1368 2427 1419 2467 12,
1448 2426 1491 2460 14
1516 2433 1603 2460 setzt
1628 2428 1655 2459 F

84 2473 210 2515 Amen,
237 2475 312 2518 ffigt
337 2477 420 2509 aber
445 2476 539 2508 dann
564 2476 653 2508 noch
679 2477 750 2508 bei:

597 2546 626 2577 O
652 2545 813 2576 caelestis
839 2544 940 2576 aulae
966 2554 1077 2583 rosae,

602 2592 714 2632 Super
739 2590 846 2621 solem
873 2591 1062 2632 speciosae,

600 2638 686 2667 Cum
713 2636 840 2667 dilecto
867 2639 1144 2677 compausantes,

605 2682 794 2713 Sublevate
820 2691 882 2712 nos
908 2681 1091 2713 laudantes

634 2727 686 2758 Ad
716 2730 858 2758 aeterna
882 2726 1021 2768 gaudia.

184 2795 282 2827 Nat-11
319 2795 386 2829 Str.
415 2794 456 2828 12
480 2796 584 2839 fiigen
601 2796 690 2828 BCE
709 2794 798 2827 noch
816 2794 872 2826 die
889 2794 1074 2836 folgenden
1092 2794 1165 2826 drei
1184 2794 1357 2836 Strophen
1376 2793 1437 2824 auf
1451 2793 1565 2824 Maria
1585 2793 1658 2824 bei:
