1785 3111
791 105 1097 145 -102—

171 223 238 260 23.
271 221 455 268 Vitaeque
485 221 609 269 prima
640 219 788 257 sabbati
987 221 1054 260 28.
1084 221 1163 266 Quo
1193 231 1261 257 nos
1294 220 1436 267 venire,
1461 231 1698 269 quaesumus,

269 277 465 325 Surgendo
497 277 630 323 pandit
661 277 810 313 ianuam
1087 277 1278 325 Concede,
1313 280 1445 313 sancta
1476 276 1639 326 trinitas,

269 334 428 381 Suisque
460 333 786 380 congaudentibus
902 370 905 373 ,
1085 333 1285 380 Unumque
1316 338 1353 369 te
1385 344 1610 380 cognoscere

267 391 451 428 Ascendit
484 390 533 427 ad
565 390 741 427 thronum
764 389 900 435 patris.
1090 390 1225 426 Verum
1256 390 1376 426 Deum
1407 400 1475 436 per
1506 391 1669 429 saecula.

176 473 240 510 24.
273 470 324 507 Et
355 480 421 506 sex
452 470 490 506 in
523 469 633 506 huius
664 469 805 506 saeculi
993 471 1058 507 29.
1090 469 1164 506 Hic
1194 469 1311 516 igitur
1341 469 1582 517 sperantibus

271 526 474 564 Aetatibus
506 537 574 563 nos
607 526 795 572 praecipit
1091 525 1212 563 Nobis
1246 530 1359 572 atque
1391 525 1588 563 orantibus

268 583 446 620 Nostram
473 582 634 620 ferendo
659 583 732 619 iam
757 593 903 619 crucem
1091 584 1136 620 In
1168 583 1305 629 spiritu
1337 582 1523 629 paraclito

269 640 331 676 Ius
362 650 471 676 omne
502 640 568 676 leti
602 640 769 679 vincere.
1091 639 1148 677 Sit
1179 640 1292 686 plena
1325 639 1544 678 consolatio,

171 720 235 758 25.
276 717 511 757 Intrabimus
543 722 630 766 post
661 719 785 755 omnia
994 720 1058 756 30.
1092 718 1175 755 Sint
1207 718 1323 755 corda
1355 719 1459 755 clara
1490 722 1527 754 et
1555 717 1681 765 fortia,

272 776 434 813 Devicta
466 776 597 812 mundi
630 775 777 822 praelia
1092 775 1149 812 Sit
1181 786 1268 812 caro
1301 774 1567 822 frugalissima,

273 832 409 870 Carnis
442 832 556 869 soluti
587 832 747 869 vinculis
1093 830 1140 870 In
1171 832 1322 868 modum
1351 831 1441 868 solis
1474 830 1644 868 fervidus

269 889 381 926 Vitae
413 889 591 935 perennis
625 888 836 928 sabbatum.
1090 889 1291 935 Nunquam
1322 892 1493 935 tepescat
1523 888 1681 926 animus.

170 969 237 1006 26.
272 968 457 1015 Sequetur
487 979 563 1004 una
594 968 743 1004 sabbati
992 969 1059 1007 31.
1091 968 1185 1005 Alas
1218 968 1398 1005 virtutum
1430 967 1597 1014 geminas

270 1024 495 1062 Claudenda
526 1025 630 1061 nullo
662 1025 836 1073 termino,
1089 1023 1270 1062 Biformis
1303 1025 1446 1061 donans
1478 1024 1617 1061 caritas

268 1081 359 1118 Cum
391 1082 516 1118 carnis
549 1081 815 1118 immortalitas
1090 1081 1264 1119 Creatori
1297 1081 1531 1118 consimilem

265 1139 434 1175 Aeterna
465 1137 575 1175 nobis
607 1138 797 1176 redditur.
1088 1138 1203 1175 Suam
1236 1138 1374 1175 reddat
1405 1137 1620 1184 imaginem.

170 1219 235 1256 27.
269 1218 331 1254 Sic
362 1217 486 1254 carnis
518 1221 630 1264 atque
661 1217 818 1264 spiritus
987 1220 1052 1257 32.
1087 1218 1140 1255 Ut
1171 1217 1394 1254 sabbatismi
1425 1217 1553 1263 requie

266 1274 362 1311 Bino
396 1274 507 1320 potiti
538 1274 677 1321 gaudio
1087 1274 1251 1310 Nostrae
1284 1272 1459 1310 fruantur
1489 1273 1648 1322 animae,

270 1331 503 1369 Scandemus
524 1332 579 1379 *ad
613 1331 792 1368 caelestia
1086 1330 1217 1367 Donec
1248 1333 1426 1377 surgente
1458 1340 1616 1376 corpore

269 1387 389 1436 Regni
419 1387 598 1434 perennis
629 1387 789 1427 moenia.
1085 1387 1142 1425 Sit
1173 1387 1293 1424 stolae
1325 1387 1439 1424 decus
1470 1387 1652 1433 geminae.

576 1469 641 1505 33.
675 1467 845 1512 Praesta,
879 1471 989 1513 pater
1020 1466 1189 1513 piissime

674 1523 854 1570 Patrique
886 1535 1040 1570 compar
1070 1523 1191 1567 unice,

675 1580 770 1617 Cum
801 1580 938 1626 spiritu
970 1580 1156 1628 paraclito

674 1637 784 1674 Nunc
815 1642 852 1673 et
882 1648 952 1686 per
983 1637 1144 1674 saecula.

243 1715 386 1747 Collect.
423 1726 487 1747 ms.
530 1714 797 1756 Salisburgense
837 1725 926 1746 saec.
961 1713 1012 1746 12.
1072 1714 1154 1747 Cod.
1188 1714 1430 1746 Vindobonen.
1472 1712 1567 1746 1743.
1599 1715 1639 1745 A.
1676 1732 1718 1738 —-

153 1760 363 1798 Cassander,
388 1762 520 1802 Hymni
546 1760 667 1792 eccles.
694 1759 737 1792 &6
763 1771 835 1802 sqq.
863 1761 901 1792 B.
927 1777 971 1781 -—

245 1804 274 1843 7,
302 1804 316 1837 1
346 1806 477 1838 saeculi
495 1807 535 1838 A.
561 1823 605 1827 —
631 1804 661 1843 9,
687 1804 708 1836 2
733 1806 884 1837 micabat
901 1806 939 1837 B.
966 1823 1010 1827 —
1035 1804 1064 1844 9,
1092 1804 1112 1837 3
1131 1805 1216 1836 Polo
1245 1805 1388 1846 soloque
1406 1807 1446 1837 B.
1472 1824 1516 1827 —
1543 1803 1594 1844 12,
1624 1803 1636 1836 1
1667 1816 1717 1848 sq.

151 1862 190 1882 zu
221 1848 377 1883 Chzildea
402 1852 472 1883 und
497 1848 606 1883 Iudea
631 1851 700 1892 vgl.
725 1851 899 1883 Miracula
925 1862 951 1882 s.
978 1851 1160 1883 Cuthberti
1187 1851 1310 1889 XLIV,
1342 1849 1380 1881 12
1407 1861 1462 1892 sq:

386 1898 546 1938 Namque
573 1907 659 1938 opus
686 1897 761 1937 hoc,
788 1897 955 1928 Salomon
980 1897 1076 1928 fulvo
1103 1897 1195 1938 quod
1220 1897 1348 1928 fecerat
1374 1907 1470 1934 auro,

385 1940 540 1974 Chalslea
567 1946 743 1984 petrarum
769 1943 914 1979 obtexit,
941 1943 1019 1981 heu,
1047 1943 1184 1974 flamma
1210 1943 1324 1973 minis.

151 1985 201 2025 15,
228 1986 249 2018 4
274 1998 413 2019 carnem
438 1988 614 2029 proferens
632 1988 672 2018 B.
699 2005 741 2008 —
770 1985 820 2026 18,
847 1986 867 2019 2
883 1988 968 2019 Post
994 1988 1059 2019 hoc
1080 1988 1196 2019 futura
1221 1991 1274 2019 est
1298 1987 1475 2019 saeculum
1493 1988 1533 2018 B.
1559 2005 1604 2008 —
1620 1985 1673 2025 21,
1700 1985 1715 2019 1

148 2034 259 2072 Quam
291 2033 392 2064 nobis
427 2033 471 2065 ad
507 2044 544 2065 se
571 2034 727 2064 semitam
752 2034 792 2064 B.
818 2051 862 2054 —-
888 2031 946 2071 22,
973 2031 994 2064 2
1020 2034 1158 2065 sabbati
1183 2033 1269 2064 fehlt
1293 2033 1339 2072 B,
1372 2033 1473 2065 dabei
1500 2043 1552 2064 am
1579 2033 1715 2065 Raude:

151 2079 278 2118 „Deest
302 2081 471 2110 tartarum
497 2079 552 2110 vel
578 2079 663 2110 feria
688 2078 744 2110 vel
773 2079 907 2120 aliquid
932 2076 1033 2110 tale.“
1079 2079 1144 2111 Str.
1171 2076 1214 2110 24
1238 2078 1325 2109 fehlt
1342 2078 1381 2109 A.
1408 2096 1449 2100 ——-
1468 2075 1521 2116 25,
1547 2076 1568 2109 2
1588 2079 1718 2109 Debita

149 2124 266 2155 mundi
292 2124 331 2155 A.
364 2140 407 2145 —-
434 2124 500 2156 Str.
534 2122 577 2155 29
610 2135 642 2156 u.
676 2124 709 2156 ff.
741 2123 855 2156 fehlen
883 2126 918 2156 B.
953 2141 994 2145 —-
1023 2124 1088 2156 Str.
1115 2121 1158 2156 33
1182 2134 1248 2154 nur
1274 2125 1337 2155 mit
1360 2123 1427 2155 den
1452 2123 1716 2165 Anfangsbuch-

147 2169 269 2200 staben
301 2169 361 2200 der
392 2170 513 2201 Worte
545 2171 584 2201 A.
620 2188 661 2192 —
688 2171 812 2200 Dieser
838 2170 998 2210 Hymnus
1025 2169 1117 2200 steht
1142 2169 1229 2200 auch
1256 2172 1357 2201 unter
1382 2169 1494 2200 Bedas
1520 2170 1654 2200 Namen
1680 2170 1716 2200 in

146 2214 201 2245 ‹le1
232 2214 295 2245 Hs.
324 2212 387 2245 106
411 2215 471 2246 des
498 2215 629 2246 Ks'ilner
654 2215 900 2256 Domkapitels
928 2218 1021 2255 (saec
1058 2213 1110 2254 9.),
1138 2215 1196 2245 fol.
1215 2212 1250 2245 6:
1280 2215 1386 2255 „Item
1408 2214 1554 2255 hymnus
1573 2214 1716 2246 Bedae

148 2260 339 2300 presbyteri
373 2260 414 2292 de
447 2271 550 2301 opere
585 2271 644 2292 sex
677 2261 810 2291 dierum
846 2261 1109 2302 primordialum
1140 2264 1174 2291 et
1199 2260 1241 2291 de
1266 2270 1325 2291 sex
1350 2260 1524 2291 aetatibus
1550 2257 1712 2300 mundi“;

145 2305 205 2336 der
237 2305 325 2336 Text
354 2306 412 2336 fol.
442 2304 529 2337 44b.
577 2306 704 2337 Leider
736 2307 782 2337 ist
815 2308 880 2337 mir
912 2306 1008 2337 nicht
1041 2305 1202 2347 miiglich,
1237 2305 1293 2336 die
1327 2306 1519 2337 Varianten
1554 2304 1614 2336 der
1651 2306 1714 2336 Hs.

147 2350 371 2381 initzuteilen.
390 2368 433 2371 —
459 2351 525 2383 Str.
546 2349 598 2389 19,
616 2349 659 2383 20
676 2351 744 2383 und
762 2349 804 2382 28
823 2351 912 2383 auch
929 2352 966 2383 in
986 2352 1128 2383 Collect.
1147 2362 1209 2382 ms.
1229 2350 1262 2382 S.
1282 2351 1466 2382 Michaelis
1487 2351 1714 2392 Bambergen.

150 2406 238 2428 saec.
266 2394 353 2427 ¹⁰l11.
401 2396 484 2428 Cod.
512 2398 741 2438 Bambergen.
774 2398 802 2427 B
828 2398 861 2428 II
890 2395 929 2428 10
953 2398 1001 2435 (in
1028 2397 1177 2428 Alkuins
1202 2396 1350 2427 Traktat
1377 2397 1450 2437 „De
1475 2395 1577 2427 laude
1604 2393 1716 2436 Dei“).

146 2459 187 2462 —
213 2439 266 2478 20,
297 2440 311 2472 1
339 2445 509 2482 perpetes.

573 2530 631 2566 81.
656 2530 717 2571 (3.)
750 2530 794 2564 In
822 2529 959 2565 Natali
984 2529 1278 2565 Innocentium.

163 2602 196 2640 1.
231 2601 468 2648 Hymnum
502 2611 521 2636 c
535 2605 682 2638 anent
697 2612 745 2638 es
767 2613 892 2638 mar·
979 2603 1015 2639 2.
1050 2601 1205 2638 Vultum
1236 2600 1357 2647 patris
1388 2611 1459 2647 per
1490 2600 1641 2636 saecula

553 2662 565 2694 t
580 2670 603 2704 y
617 2669 636 2694 r
647 2669 670 2694 u
686 2669 721 2693 m
1049 2658 1213 2703 Quorum
1246 2661 1399 2693 tuentur
1430 2657 1552 2703 angeli

231 2715 411 2753 Dicamus
442 2713 709 2760 innocentium,
1048 2714 1215 2760 Eiusque
1246 2713 1405 2750 laudant
1435 2713 1593 2760 gratiam

234 2772 333 2817 Quos
374 2775 478 2807 terra
515 2768 648 2807 flentes
679 2771 861 2817 perdidit,
1046 2770 1082 2807 H
1095 2783 1119 2818 y
1133 2782 1165 2805 m
1180 2781 1202 2806 n
1212 2782 1235 2806 u
1245 2781 1280 2806 m
1313 2781 1332 2806 c
1344 2781 1364 2807 a
1377 2782 1401 2806 n
1413 2780 1433 2806 e
1444 2773 1525 2806 nte
1538 2781 1554 2805 s
1587 2780 1620 2804 m
1635 2780 1656 2805 a
1667 2780 1685 2805 r
1697 2790 1711 2796 -

232 2828 412 2865 Gaudens
434 2827 501 2863 sed
523 2827 655 2863 aethra
686 2827 855 2873 suscipit,
1377 2830 1425 2873 ty
1440 2837 1458 2862 r
1471 2837 1494 2862 u
1506 2837 1555 2866 m,
