1785 3111
199 2646 221 2681 9

790 101 1098 142 -426-

767 272 1048 320 Rhythmus
1090 273 1119 311 I.

275 387 325 425 Ut
356 387 539 423 iucundas
573 396 705 423 cervus
736 385 857 423 undas

331 445 521 480 Aestuans
555 442 760 489 desiderat,

275 499 336 537 Sic
368 499 416 536 ad
441 500 575 539 Deum,
608 497 750 535 fontem
783 499 908 536 vivum

331 556 441 593 Mens
473 555 597 592 fidelis
628 561 822 602 properat.

237 699 245 708 .
278 669 382 706 Sicut
414 669 485 706 rivi
517 668 632 706 fontis
664 669 738 705 vivi

338 725 525 763 Praebent
558 724 811 773 refrigerium,

276 780 338 820 Ita
370 783 485 819 menti
518 783 658 819 sitienti

334 839 436 876 Deus
469 844 525 875 est
557 839 778 877 remedium.

234 981 242 991 .
273 952 430 998 Quantis
463 952 569 989 bonis
601 952 826 998 superponis

331 1008 466 1045 Servos
499 1013 593 1053 tuos,
627 1008 808 1045 Domine!

273 1064 364 1101 Sese
396 1065 526 1110 laedit,
560 1065 623 1111 qui
655 1065 799 1101 recedit

329 1120 390 1158 Ab
423 1125 579 1158 aeterno
609 1121 762 1159 lumine.

274 1234 398 1271 Vitam
430 1235 567 1271 laetam
601 1239 637 1271 et
669 1235 845 1281 quietam,

331 1292 401 1337 Qui
433 1295 470 1327 te
501 1291 661 1338 quaerit,
695 1291 887 1338 repperit,

275 1348 371 1385 Nam
403 1348 570 1385 laborem
604 1352 639 1384 et
673 1348 841 1385 dolorem

332 1405 455 1446 Metit,
489 1405 552 1451 qui
584 1410 621 1440 te
654 1404 806 1443 deserit.

273 1518 407 1554 Pacem
444 1517 561 1553 donas
594 1522 627 1551 et
661 1526 819 1553 coronas

329 1573 410 1618 His,
445 1573 507 1619 qui
540 1572 607 1609 tibi
641 1573 816 1619 militant,

273 1630 416 1667 Cuncta
449 1630 547 1666 laeta
579 1630 659 1665 sine
691 1634 791 1666 meta

318 1686 409 1727 His,
443 1686 505 1732 qui
538 1690 658 1722 tecum
692 1686 877 1726 habitant.

269 1798 366 1841 Heu,
382 1808 491 1843 quam
508 1809 614 1847 vana,
629 1808 732 1834 mens
746 1798 920 1845 humana,

327 1854 479 1891 Visione
512 1852 657 1890 falleris

268 1910 367 1947 Dum
400 1914 436 1946 te
469 1910 568 1946 curis
599 1910 781 1947 nocituris

327 1967 594 2013 Imprudenter
625 1967 785 2003 inseris!

235 2110 242 2118 .
276 2080 352 2117 Cur
374 2090 447 2116 non
471 2089 581 2116 caves
604 2080 732 2126 lapsus
755 2090 902 2128 graves,

326 2136 425 2182 Quos
456 2136 591 2173 suadet
621 2136 809 2184 proditor,

271 2193 352 2230 Nec
383 2191 536 2229 affectas
569 2193 647 2230 vias
679 2197 815 2243 rectas,

326 2250 425 2296 Quas
457 2249 624 2286 ostendit
656 2249 862 2287 conditor?

228 2391 237 2400 .
269 2361 466 2407 Resipisce
496 2367 608 2408 atque
639 2363 756 2410 disce,

326 2417 439 2455 Cuius
471 2418 521 2454 sis
554 2419 721 2465 originis,

269 2473 343 2511 Ubi
376 2474 493 2521 degis,
527 2474 630 2511 cuius
661 2476 768 2521 legis,

328 2530 443 2568 Cuius
475 2531 525 2567 sis
557 2535 593 2567 et
623 2532 782 2570 ordinis,

228 2675 236 2683 .
270 2643 328 2680 Ne
357 2648 394 2679 te
416 2653 585 2691 spernas,
619 2644 684 2680 sed
711 2644 903 2682 discernas

326 2699 461 2746 Homo,
493 2709 640 2746 gemma
672 2701 786 2749 regia,

271 2755 324 2792 Te
355 2756 549 2802 perpende
580 2761 616 2791 et
647 2757 814 2803 attende,

329 2813 410 2858 Qua
440 2812 491 2849 sis
523 2810 645 2848 factus
677 2813 810 2859 gratia.

1000 387 1061 424 10.

997 669 1062 708 11.

992 1236 1056 1275 13.

994 1515 1056 1556 14.

990 1798 1053 1836 15.

991 2067 1055 2121 16.

990 2364 1055 2402 17.

991 2645 1054 2682 18.

1094 386 1325 434 Recordare,
1359 386 1440 432 quis
1472 390 1509 422 et
1538 396 1655 433 quare

1153 442 1211 480 Sis
1241 453 1263 479 a
1294 442 1375 479 Deo
1407 442 1593 488 conditus,

1097 498 1210 536 Cuius
1241 499 1350 535 heres
1380 509 1479 535 nunc
1508 508 1694 546 maneres,

1152 555 1189 592 Si
1223 554 1357 592 fuisses
1388 555 1573 594 subditus.

1096 669 1125 707 O
1158 668 1339 717 mortalis,
1374 669 1522 714 quantis
1554 669 1663 706 malis

1153 725 1328 762 Meruisti
1361 724 1475 772 affici,

1096 782 1194 819 Dum
1229 782 1367 818 rectori
1399 786 1434 817 et
1467 781 1613 818 auctori

1152 838 1316 875 Noluisti
1350 838 1490 874 subici!

1053 979 1061 988 .
1095 951 1168 989 Sed
1201 951 1362 989 maiores
1394 956 1480 988 sunt
1512 951 1661 988 dolores

1149 1006 1350 1045 Infernalis
1384 1008 1557 1056 carceris,

1092 1065 1171 1110 Quo
1204 1065 1410 1101 mittendus
1433 1068 1470 1100 et
1490 1064 1725 1111 torquendus

1146 1121 1212 1170 Es,
1246 1121 1276 1157 si
1309 1121 1405 1158 male
1438 1121 1590 1159 vixeris.

1091 1235 1161 1273 Cui
1192 1235 1352 1271 mundus
1385 1238 1439 1271 est
1471 1234 1671 1280 iucundus,

1146 1291 1258 1328 Suam
1290 1291 1416 1337 perdit
1448 1292 1624 1339 animam,

1090 1349 1163 1386 Pro
1192 1358 1233 1384 re
1263 1348 1338 1384 levi
1369 1352 1481 1394 atque
1512 1347 1619 1385 brevi

1148 1405 1273 1441 Vitam
1306 1404 1434 1451 perdit
1464 1404 1660 1452 optimam.

1089 1517 1191 1563 Ergo
1224 1527 1326 1563 cave,
1359 1526 1405 1552 ne
1436 1526 1550 1552 suave

1148 1574 1277 1619 Iugum
1307 1583 1464 1619 spernas
1498 1572 1647 1609 Domini

1088 1629 1168 1666 Nec
1200 1629 1348 1666 abiecta
1378 1629 1461 1674 lege
1492 1633 1598 1666 recta

1148 1686 1299 1724 Servias
1331 1685 1495 1724 libidini.

1088 1797 1127 1835 Si
1161 1803 1247 1834 sunt
1279 1798 1427 1845 plagae,
1461 1809 1588 1836 curam
1618 1809 1701 1847 age,

1144 1856 1197 1893 Ut
1230 1859 1409 1891 curentur
1441 1855 1561 1904 citius,

1085 1911 1155 1956 Ne,
1180 1911 1211 1947 si
1236 1915 1407 1948 crescant
1431 1915 1467 1948 et
1487 1914 1719 1962 putrescant,

1144 1969 1284 2014 Pergas
1313 1968 1351 2004 in
1384 1968 1566 2006 deterius.

1089 2080 1146 2117 Ne
1179 2081 1369 2126 desperes,
1403 2092 1487 2118 nam
1520 2081 1673 2119 coheres

1148 2137 1288 2174 Christi
1320 2147 1401 2174 esse
1432 2137 1587 2184 poteris,

1091 2193 1130 2231 Si
1163 2194 1346 2236 carnales,
1379 2198 1559 2240 quantum
1590 2193 1705 2237 vales,

1150 2249 1320 2288 Affectus
1352 2250 1570 2290 excluseris

1087 2363 1125 2401 Si
1159 2362 1354 2409 formidas,
1386 2373 1433 2400 ne
1461 2362 1627 2410 diffidas,

1141 2420 1213 2456 Sed
1248 2420 1433 2456 medelam
1463 2421 1625 2467 postula,

1087 2476 1229 2512 Noxam
1263 2477 1411 2525 plange,
1447 2487 1582 2522 corpus
1602 2485 1718 2524 ange,

1143 2533 1253 2569 Dilue
1284 2533 1446 2579 piacula.

1089 2644 1127 2681 Si
1160 2645 1328 2681 vivorum
1361 2648 1397 2681 et
1429 2643 1642 2682 functorum

1146 2700 1337 2737 Christum
1369 2701 1477 2737 times
1508 2701 1683 2748 iudicem,

1088 2756 1214 2793 Debes
1246 2757 1355 2803 scire,
1389 2757 1489 2804 quod
1520 2758 1647 2803 perire

1145 2812 1259 2850 Suum
1290 2825 1363 2850 non
1392 2814 1471 2851 vult
1493 2813 1714 2860 supplicem.
