1785 3111
62 209 128 249 11.

61 731 125 770 12.

57 1253 123 1292 13.

55 1912 122 1951 17.

56 2422 122 2462 18.

174 210 289 259 Ecce,
326 210 586 260 dilectissime,

231 266 402 305 breviter
431 268 574 305 audisti

174 323 334 361 Factum
363 324 473 362 huius
504 325 681 375 volucris,

231 381 312 429 sed,
343 381 376 418 si
407 381 624 429 meministi,

174 437 349 475 Diximus
378 437 453 475 iam
484 438 674 485 primitus,

231 494 319 541 quia
351 499 482 531 cantus
510 494 574 531 isti

173 550 339 598 Mystice
370 551 597 588 conveniunt

229 607 304 655 legi
342 608 430 645 Iesu
461 607 615 647 Christi.

172 731 321 780 Restat,
354 736 396 770 ut
426 733 625 780 intellegas

230 799 314 826 esse
345 789 600 836 philomenam

171 845 350 883 Animam
381 846 585 883 virtutibus

228 906 267 938 et
297 913 425 940 amore
455 904 618 950 plenam,

172 958 287 1009 Quae,
321 960 408 997 dum
439 963 564 996 mente
595 959 736 1007 cogitat

227 1017 390 1063 patriam
427 1027 635 1063 amoenam,

172 1071 273 1110 Satis
305 1071 555 1110 favorabilem

226 1129 322 1166 texit
353 1130 594 1168 cantilenam.

171 1254 235 1291 Ad
266 1258 505 1300 augmentum
539 1255 677 1291 etenim

226 1321 317 1348 suae
347 1315 501 1348 sanctae
531 1311 613 1358 spei

170 1366 367 1413 Quaedam
399 1368 480 1405 dies
509 1369 669 1414 mystica

229 1424 515 1462 demonstratur
546 1425 591 1473 ei,

167 1481 289 1518 Porro
320 1480 516 1530 beneficia,

224 1548 321 1584 quae
353 1539 399 1575 de
430 1549 543 1575 manu
573 1538 646 1575 Dei

167 1595 291 1634 Homo
322 1599 546 1633 consecutus
577 1599 646 1643 est,

225 1652 341 1689 horae
371 1656 458 1689 sunt
491 1652 579 1689 diei.

807 96 888 139 603
947 118 1003 124 —

884 211 951 252 14.
997 211 1113 249 Mane
1143 211 1204 249 vel
1237 211 1515 249 diluculum

1053 268 1215 306 hominis
1247 272 1304 305 est
1333 271 1466 313 status,

995 327 1039 364 In
1072 336 1144 372 quo
1175 325 1402 362 mirabiliter

1053 382 1179 420 Adam
1210 386 1267 419 est
1298 387 1469 428 creatus,

998 439 1105 476 Hora
1135 438 1316 486 prima,
1349 439 1498 485 quando
1531 442 1587 475 est

1056 495 1227 533 Christus
1258 495 1500 543 incarnatus3

998 552 1220 590 Tertiam
1254 552 1316 589 dic
1345 553 1510 599 spatium

1053 609 1131 646 eius
1163 609 1371 658 incolatus,

887 734 951 773 15.
1000 733 1224 779 Sextam,
1258 744 1341 770 cum
1372 745 1394 771 a
1425 733 1582 780 perfidis

1052 790 1172 827 voluit
1202 790 1327 838 ligari,

996 847 1218 895 flagellari,
1252 847 1422 893 conspui,

1053 903 1136 940 dire
1168 903 1342 949 cruciari,

992 960 1028 997 A
1060 960 1211 997 Iudaeis
1242 959 1401 1006 perfidis

1050 1017 1224 1063 nequiter
1255 1017 1426 1061 tractari,

995 1073 1173 1121 Crucifigi
1207 1074 1379 1122 denique,

1051 1131 1170 1168 clavis
1201 1130 1400 1169 terebrari.

881 1255 949 1294 16.
996 1254 1184 1292 Nonam
1217 1255 1290 1303 dic,
1323 1266 1406 1292 cum
1436 1256 1607 1306 moritur,

1050 1312 1202 1359 quando
1234 1316 1513 1349 consummatus

995 1368 1136 1406 Cursus
1169 1372 1225 1405 est
1257 1369 1487 1414 certaminis,

1049 1426 1201 1472 quando
1232 1430 1432 1472 superatus

990 1482 1063 1520 Est
1093 1483 1244 1520 omnino
1275 1482 1431 1519 zabulus

1047 1544 1084 1575 et
1115 1539 1203 1576 hinc
1234 1539 1476 1587 exturbatus,

989 1597 1213 1643 Vesperam,
1249 1607 1332 1633 cum
1365 1596 1539 1634 Christus
1571 1600 1629 1634 est

1045 1654 1265 1700 sepulturae
1297 1653 1419 1692 datuS.

492 1811 542 1848 II.
592 1810 783 1848 Cantus
826 1810 876 1848 in
916 1810 1174 1849 Diluculo.

166 1911 277 1950 Diem
309 1912 420 1949 istam
451 1912 576 1949 anima

225 1979 460 2006 commorans
490 1968 528 2005 in
560 1968 680 2005 hortis

170 2025 268 2063 Suae
300 2023 393 2063 facit
422 2026 621 2062 terminum

226 2081 411 2129 spiritalis
442 2082 588 2127 mortis,

167 2138 362 2177 Scandens
393 2139 516 2176 crucis
545 2138 732 2188 arborem,

222 2196 263 2233 in
293 2206 367 2243 qua
398 2195 458 2233 leo
490 2194 600 2233 fortis

166 2250 275 2292 Vicit
305 2252 568 2290 adversarium

224 2307 359 2347 fractis
390 2309 522 2346 mortis
553 2309 688 2356 portis.

170 2421 307 2460 Statim
342 2421 468 2458 cordis
499 2432 642 2468 organa

226 2489 374 2516 sursum
406 2478 608 2524 elevando,

169 2535 285 2574 Suum
316 2546 339 2573 a
370 2534 602 2572 diluculo

228 2597 378 2630 cantum
411 2591 625 2629 inchoando

168 2649 323 2687 Laudat
355 2653 392 2685 et
423 2647 611 2695 glorificat

226 2705 349 2743 Deum
381 2704 604 2752 replicando

166 2762 229 2809 Ei,
261 2773 371 2809 quam
403 2760 599 2799 munificus

227 2817 300 2856 fuit
329 2819 427 2856 hanc
459 2819 637 2858 creando.

878 1913 942 1953 19.
989 1913 1069 1962 Pie,
1101 1912 1236 1960 inquit,
1271 1913 1456 1963 conditor,

1046 1970 1196 2016 quando
1228 1981 1286 2008 me
1318 1971 1468 2016 creasti,

989 2027 1107 2073 Quam
1139 2027 1189 2063 sit
1219 2031 1283 2064 tua
1314 2027 1436 2074 pietas

1046 2083 1165 2132 larga,
1204 2083 1419 2127 declarasti,

989 2140 1087 2177 Nam
1125 2144 1336 2177 consortem
1367 2139 1511 2186 g101iae

1048 2200 1134 2233 tuae
1166 2197 1339 2243 cogitasti

988 2253 1135 2291 Facere
1166 2253 1343 2300 gratuito,

1045 2310 1164 2356 gratis
1195 2320 1306 2356 quam
1336 2310 1486 2348 amasti.

880 2423 946 2462 20.
992 2422 1022 2461 O
1053 2434 1164 2470 quarn
1196 2423 1292 2460 mira
1324 2423 1489 2471 dignitas

1048 2480 1140 2517 mihi
1176 2484 1232 2516 est
1263 2490 1455 2528 concessa,

993 2536 1084 2574 Cum
1114 2537 1237 2584 imago
1268 2537 1419 2574 Domini

1048 2593 1140 2630 mihi
1171 2597 1229 2630 est
1257 2594 1455 2643 impressa,

994 2649 1068 2687 Sed
1102 2650 1283 2687 crevisset
1313 2651 1476 2697 amplius

1052 2707 1216 2754 dignitas
1249 2718 1436 2754 possessa,

992 2763 1078 2801 Nisi
1108 2764 1250 2801 iussum
1282 2764 1434 2801 Domini

1048 2819 1202 2857 fuissem
1234 2824 1483 2867 transgressa.
