1785 3111
793 75 1072 115 -16-

168 195 204 232 7.
238 195 421 231 Percussa
451 202 561 239 quam
584 202 759 237 pompam
786 190 892 226 tulit!
982 192 1018 228 8.
1052 191 1095 227 In
1127 193 1246 227 morte
1277 188 1429 226 vivebat
1456 189 1593 236 pudor,

234 250 331 287 Nam
363 254 468 286 veste
497 259 537 284 se
566 252 682 284 totam
714 252 842 293 tegens
1054 247 1280 293 Vultumque
1310 250 1459 282 texerat
1488 256 1611 294 manu,

237 307 372 343 Curam
405 305 561 352 pudoris
589 304 794 350 praestitit,
1053 303 1211 340 Terram
1244 313 1340 349 genu
1371 300 1469 338 flexo
1500 301 1607 351 petit,

236 363 294 399 Ne
325 363 408 410 quis
441 366 619 398 retectam
654 364 837 397 cerneret.
924 374 928 377 ·
1051 359 1180 405 Lapsu
1206 359 1419 395 verecundo
1453 359 1605 396 cadens,

240 462 580 495 ACDEGHKLMO.
615 478 656 482 —
692 460 728 495 l,
765 459 780 492 1
810 458 923 500 Agnis
960 461 1006 498 K,
1040 460 1230 501 korrigiert
1262 461 1299 491 in
1324 462 1443 501 Agnes
1475 460 1515 490 L.
1548 476 1591 479 —
1625 456 1664 496 2,
1696 456 1719 489 4

150 509 302 542 (sedebat
335 508 476 539 effessus
509 517 615 538 senex
648 507 789 539 AEGH.
822 525 866 528 —
897 503 936 539 3,
969 504 990 536 2
1022 510 1165 537 auxerat
1197 505 1237 537 G.
1274 524 1314 527 ——
1349 504 1383 544 ὃ,
1415 502 1435 537 3
1471 504 1585 536 Solvit
1615 504 1716 535 flores

150 556 223 586 KL.
252 572 292 576 —
321 553 352 586 4,
379 551 399 583 3
416 553 533 583 Novas
555 563 636 583 vero
655 551 959 584 ACDEGHKLO.
976 568 1021 572 —-
1037 549 1068 590 4,
1095 549 1117 581 4
1135 561 1257 582 census
1276 551 1351 582 DE.
1374 568 1409 572 —
1430 549 1461 587 5,
1487 547 1507 580 2
1525 549 1719 591 Respondit

151 600 233 631 AH:
260 602 319 630 aut
344 598 431 629 tales
457 597 595 629 DEGO.
623 616 663 619 —
690 595 720 635 6,
759 596 774 628 1
802 596 859 628 Sic
885 598 975 639 ignis
1002 598 1048 628 D:
1085 598 1230 628 extentit
1262 595 1301 627 G.
1338 613 1383 616 —
1416 593 1445 632 6,
1472 594 1494 626 4
1519 597 1719 636 extinguam

151 648 186 677 C.
222 662 264 666 -—
299 643 327 681 7,
363 643 377 674 1
414 652 540 685 pompa
571 643 677 674 AKL.
710 659 752 665 ·—
788 641 816 680 7,
843 640 863 673 2
889 643 975 683 tegit
1001 641 1170 673 CDEKO.
1195 658 1238 662 --
1263 638 1294 677 8,
1321 639 1341 671 2
1366 642 1452 683 tegit
1476 650 1581 672 manu
1606 641 1647 672 K.
1673 657 1716 661 —

148 688 366 767 {biii-:gerra
399 690 451 730 H3
485 688 572 720 flexo
608 689 695 729 petit
727 698 816 729 genu
842 688 881 719 Β.
907 705 950 709 -·
977 688 1192 725 Doxologie:
1219 686 1339 718 Gloria
1364 687 1439 723 tibi,
1467 687 1627 724 Domine,
1653 689 1716 716 etc.

656 810 714 845 12.
752 810 808 851 (9.)
844 810 889 843 In
914 809 988 843 Die
1015 809 1212 844 Paschae.

172 908 206 943 1.
240 906 314 942 Hie
346 909 401 942 est
435 905 515 941 dies
546 916 657 941 verus
688 905 760 941 Dei
989 907 1025 941 5.
1058 903 1281 950 Mysterium
1313 903 1499 947 mirabile,

238 963 376 999 Sancto
407 972 562 998 serenus
592 962 745 1010 lumine,
1059 961 1111 999 Ut
1142 960 1272 997 abluat
1301 960 1430 996 mundi
1461 960 1574 1007 luem,

238 1020 319 1066 Quo
353 1019 464 1056 diluit
495 1018 646 1064 sanguis
677 1029 784 1055 sacer
1060 1017 1221 1054 Peccata
1251 1017 1359 1053 tollat
1391 1016 1554 1053 omnium

242 1075 434 1112 Probrosa
464 1074 596 1111 mundi
627 1075 798 1121 erimina,
1061 1074 1194 1111 Carnis
1225 1074 1318 1111 vitia
1348 1073 1533 1110 mundans
1565 1074 1673 1109 caro!

177 1179 213 1214 2.
246 1177 381 1213 Fidem
414 1176 620 1213 refundens
652 1177 809 1223 perfidis
992 1179 1027 1215 ζ’».
1061 1177 1156 1223 Quid
1188 1176 1259 1213 hoc
1289 1180 1414 1222 potest
1445 1175 1653 1224 sublimius,

252 1233 466 1280 Caecosque
498 1233 580 1270 visu
611 1234 851 1280 illuminans3
1062 1235 1113 1272 Ut
1144 1233 1254 1279 culpa
1285 1236 1442 1279 quaerat
1471 1232 1643 1281 gratiam,

245 1290 360 1335 Quem
391 1301 465 1327 non
496 1290 602 1336 gravi
632 1291 743 1327 solvit
775 1296 876 1327 metu
1059 1291 1278 1336 Metumque
1309 1289 1431 1326 solvat
1463 1288 1615 1336 caritas,

244 1347 421 1385 Latronis
453 1346 670 1385 absolutio?
1061 1347 1286 1392 Reddatque
1304 1357 1403 1382 mors
1421 1345 1537 1382 vitam
1553 1355 1686 1382 novam
1699 1343 1718 1380 i>

171 1451 208 1488 3.
242 1449 314 1494 Qui
343 1449 553 1495 praemium
585 1453 732 1485 mutans
765 1459 875 1485 cruce
990 1450 1025 1485 7.
1059 1448 1222 1485 Hamum
1254 1448 1326 1484 sibi
1357 1458 1458 1484 mors
1491 1447 1647 1485 devoret

238 1507 362 1543 Iesum
392 1506 498 1544 brevi
529 1506 689 1551 quaesiit
721 1504 796 1542 fide
1058 1505 1215 1551 Suisque
1247 1515 1286 1541 se
1317 1504 1426 1542 nodis
1458 1504 1561 1552 liget,

239 1563 438 1608 Iustusque
470 1563 625 1608 praevio
657 1562 778 1608 gradu
1058 1561 1246 1599 Moriatur
1276 1562 1354 1598 vita
1384 1561 1560 1607 omnium,

239 1619 417 1656 Pervenit
448 1619 486 1655 in
518 1629 672 1665 regnum
704 1618 789 1657 Dei.
1059 1618 1245 1665 Resurgat
1276 1624 1317 1654 ut
1348 1618 1427 1655 vita
1457 1616 1651 1655 omnium?

169 1724 206 1758 4.
236 1721 338 1767 Opus
370 1724 524 1766 stupent
555 1725 591 1756 et
622 1720 746 1768 angeli
989 1725 1024 1759 δ’,
1059 1722 1151 1759 Cum
1174 1731 1275 1757 mors
1298 1731 1367 1766 per
1387 1730 1515 1757 omnes
1537 1724 1717 1766 transeat,

240 1778 403 1814 Poenam
435 1777 607 1814 videntes
640 1777 810 1822 corporis
1057 1778 1193 1814 Omnes
1225 1782 1427 1824 resurgant
1457 1777 1607 1822 mortui,

242 1834 466 1879 Christoque
497 1833 768 1869 adhaerentem
797 1844 898 1869 reum
1058 1834 1288 1880 Consumpta
1318 1844 1419 1870 mors
1450 1834 1527 1870 ictu
1557 1845 1623 1870 suo

244 1890 367 1926 Vitam
401 1889 547 1926 beatam
581 1900 749 1937 carpere.
1059 1890 1206 1926 Perisse
1238 1901 1277 1926 se
1308 1891 1424 1926 solam
1457 1896 1592 1937 gemat.

245 1990 598 2022 ABCDEGHIKLO.
633 2007 674 2010 —
709 1988 737 2022 1,
771 1987 791 2020 2
818 1991 965 2022 Sanctus
991 2001 1111 2023 sereno
1141 1989 1168 2022 1.
1194 2010 1237 2013 —
1267 1990 1295 2026 l,
1322 1988 1342 2022 3
1368 1991 1467 2030 Quod
1495 1991 1598 2022 diluit
1622 1991 1650 2021 Ι.
1676 2009 1715 2012 -

159 2034 189 2066 2.
219 2034 234 2066 1
263 2035 406 2077 perditis
431 2034 669 2067 ABDEGHO.
696 2052 738 2055 —
764 2033 793 2067 2.
827 2034 846 2067 2
871 2037 967 2067 visus
994 2037 1229 2068 BCDGHKO.
1257 2055 1301 2057 —
1327 2035 1358 2070 2,
1383 2034 1403 2068 3
1430 2037 1503 2075 Que
1528 2047 1598 2068 non
1622 2037 1650 2068 Ι.
1675 2053 1720 2056 —

153 2080 192 2112 -1-
235 2080 248 2112 1
284 2091 418 2112 erucem
453 2081 502 2111 E:
542 2082 696 2121 praemio
731 2087 868 2113 mutans
903 2087 1042 2113 crucem
1071 2083 1097 2114 Ι.
1132 2099 1174 2103 —
1207 2079 1246 2119 3,
1283 2080 1303 2113 ‘2
1337 2083 1441 2113 breve
1475 2083 1508 2117 I;
1544 2082 1720 2122 quaesivit

157 2127 403 2160 ACDEGHK:
437 2126 630 2166 adquisivit
663 2127 695 2157 1:
732 2128 868 2168 quaerit
901 2128 939 2159 O.
974 2146 1018 2150 —-
1053 2125 1090 2165 3,
1124 2126 1144 2158 3
1169 2128 1358 2168 Justosque
1387 2127 1570 2161 ACHEG:
1598 2127 1718 2159 brevio

156 2173 345 2213 korrigiert
370 2173 405 2202 in
432 2173 550 2212 previo
577 2172 602 2202 Ι.
630 2190 671 2193 ——
697 2170 729 2209 3,
753 2172 774 2202 4
792 2173 979 2204 Praevenit
997 2173 1176 2205 CHDEG:
1204 2174 1240 2204 iu
1265 2183 1370 2214 regno
1396 2173 1422 2204 I.
1441 2189 1484 2194 ——
1503 2171 1533 2210 5,
1560 2170 1580 2203 2
1598 2171 1719 2203 mundi

157 2218 267 2248 lucem
293 2217 320 2247 I.
346 2234 389 2237 —
413 2214 444 2253 6,
474 2215 488 2246 l
516 2217 579 2247 hoe
606 2222 683 2257 post
709 2218 895 2249 sublimius
913 2218 953 2250 G.
982 2235 1023 2239 -—
1049 2216 1078 2253 6,
1106 2216 1126 2249 2
1153 2218 1288 2259 eulpam
1317 2223 1463 2260 quaerat
1479 2219 1593 2258 gratia
1610 2218 1717 2250 KLO.

159 2261 186 2294 Τ.
221 2260 241 2293 2
268 2262 359 2303 leget
392 2262 419 2292 I.
456 2279 492 2282 —
524 2260 553 2297 T,
585 2260 606 2292 4
636 2267 672 2293 ut
697 2263 781 2293 fehlt
807 2263 1146 2295 ABCDEGHKLO:
1172 2265 1244 2294 vita
1270 2264 1447 2295 hominum
1472 2263 1545 2295 EG.
1575 2281 1617 2284 —
1642 2261 1673 2301 8,
1699 2261 1721 2294 3

159 2308 255 2338 hictu
279 2308 305 2338 Ι.
332 2325 375 2327 -
400 2304 432 2343 ὃ,
457 2305 478 2337 4
504 2318 538 2337 se
564 2306 649 2337 fehlt
676 2308 727 2349 H;
756 2309 829 2339 sola
847 2314 963 2350 gemat
980 2309 1180 2341 ABCDGH.
1199 2326 1243 2330 —-
1261 2309 1474 2350 Doxologie:
1501 2309 1622 2340 Gloria
1642 2309 1719 2346 tibi,

160 2354 315 2389 Domine,
345 2353 410 2391 Qui
439 2353 617 2383 surrexisti
645 2357 707 2384 ete.
733 2354 775 2386 G.

294 2475 352 2510 13.
388 2475 454 2512 (10.
503 2475 547 2508 In
574 2475 708 2509 Natali
735 2475 928 2519 Victoris,
957 2475 1142 2519 Naboris‚
1170 2475 1331 2519 Felicis,
1359 2476 1581 2519 Martyrum

753 2532 1124 2567 Mediolanensium.

178 2616 214 2652 1.
250 2614 389 2661 Victor,
424 2613 568 2656 Nabor,
600 2614 724 2660 Felix,
757 2614 810 2660 pii
992 2617 1028 2653 2.
1063 2615 1226 2651 Torrens
1259 2625 1374 2651 arena
1404 2625 1495 2660 quos
1528 2613 1645 2662 dedit,

244 2670 452 2707 Mediolani
485 2675 684 2717 martyres,
1059 2671 1209 2708 Anliela
1239 2671 1328 2707 solis
1360 2671 1539 2716 aestibus,

246 2726 334 2764 Solo
365 2726 546 2773 hospites,
578 2726 703 2763 Mauri
735 2738 850 2774 genus
1059 2727 1242 2764 Extrema
1270 2731 1396 2764 terrae
1426 2727 1554 2764 finium

246 2782 450 2828 Terrisque
480 2783 619 2819 nostris
651 2783 831 2822 advenae.
1062 2784 1254 2830 Exsulque
1285 2784 1402 2820 nostri
1435 2783 1606 2820 nominis.
