1785 3111
791 75 1068 115 —42-

381 193 417 232 8.
464 191 544 228 Nos
576 201 725 237 semper
757 189 958 226 Dominum
990 196 1136 237 patrem
1169 189 1332 227 fatentes

462 250 507 286 In
538 253 587 296 te,
621 247 772 285 Christe
804 246 919 295 Deus⁷
952 247 1149 293 loquemur
1178 258 1292 284 unum

466 304 766 350 Constanterque
797 307 900 339 tuam
933 314 1079 340 crucem
1114 303 1290 343 feremuS.

234 408 336 447 Trop.
356 416 417 436 ms.
437 404 697 437 Cremifanense
716 414 805 435 saec.
827 402 876 435 12.
912 403 994 436 Cod.
1011 405 1242 439 Cremifanen.
1261 403 1336 437 309.
1355 422 1398 426 —
1416 403 1446 445 -57
1468 402 1483 435 1
1504 404 1716 446 praecliens.

660 559 726 595 43.
763 560 870 600 (mc.)
908 561 1007 595 Post-
1034 560 1186 596 Cibum.

522 631 692 670 (Cathem.
718 631 778 670 IV,
807 629 934 670 1——153
957 629 1106 663 73*75:
1137 628 1336 669 loo—1013).

352 736 387 773 1.
435 735 563 771 Pastis
598 734 808 771 visceribus
841 734 998 781 ciboque
1030 740 1192 782 sumpto,

433 793 549 838 Quem
580 791 641 827 lex
673 791 843 837 corporis
874 791 1065 828 imbecilla
1097 791 1230 838 poscit,

433 848 604 885 Laudem
635 847 762 895 lingua
793 848 873 884 Deo
904 849 1004 895 patri
1038 848 1244 895 1·ependat;

352 952 389 989 2.
439 950 558 988 Patri.
591 949 653 996 qui
688 949 890 987 Cherubim
923 950 1043 986 sedile
1073 960 1220 986 sacrum

435 1007 515 1044 Nee
546 1017 620 1043 non
652 1011 688 1042 et
721 1007 919 1053 Seraphim
951 1018 1058 1043 suum
1089 1017 1265 1054 supremo

438 1063 628 1101 Subnixus
661 1063 754 1100 solio
786 1068 890 1100 tenet
920 1064 1105 1110 regitque.

354 1167 392 1204 3
440 1166 515 1203 Hic
552 1169 607 1201 est
639 1175 747 1211 quem
781 1164 946 1202 Sabaoth
977 1165 1097 1202 Deum
1127 1176 1316 1213 vocamus,

434 1222 588 1269 Expers
618 1222 799 1269 principii
831 1232 1037 1268 carensque
1070 1221 1153 1264 fine,

440 1279 579 1315 Rerum
610 1279 784 1315 conditor
815 1283 850 1315 et
884 1283 1057 1325 repertor
1087 1279 1200 1329 orbis,

351 1383 386 1418 4.
436 1373 537 1418 Fons
569 1380 670 1417 vitae
702 1381 846 1427 liquida
877 1379 996 1417 fluens
1031 1380 1078 1417 ab
1110 1391 1209 1426 arce,

436 1435 589 1474 Infusor
620 1436 724 1483 fidei,
757 1442 860 1474 sator
890 1437 1060 1484 pudoris,

437 1494 576 1531 Mortis
608 1494 854 1541 perdomitor,
888 1494 1020 1531 salutis
1052 1499 1196 1533 auctor.

352 1611 387 1635 ›.
434 1597 573 1634 Omnes
604 1596 704 1643 quod
735 1607 862 1632 sumus
893 1606 937 1632 ac
968 1595 1147 1642 vigemus,
1181 1596 1269 1632 inde
1301 1600 1376 1643 est3

432 1653 579 1700 Regnat
611 1653 768 1704 spiritus
798 1653 864 1689 ille
895 1652 1147 1699 sempiternus

436 1713 469 1747 A
504 1709 657 1746 Christo
689 1709 799 1746 simul
831 1714 868 1745 et
898 1714 1058 1755 parente
1089 1709 1239 1748 missus.

353 1814 391 1851 6.
439 1812 502 1849 Sic
535 1822 601 1848 nos
623 1811 842 1848 muneribus
874 1811 948 1847 tuis
980 1809 1127 1848 refecti.

436 1868 613 1915 Largitor
644 1868 747 1905 Deus
778 1868 942 1904 omnium
974 1868 1171 1917 bonorum,

436 1924 574 1962 Grates
605 1925 800 1962 reddimus
832 1929 869 1961 et
900 1935 1090 1961 sacramus
1121 1925 1293 1973 hymnos,

353 2028 387 2064 7.
438 2026 517 2062 Nos
549 2036 699 2073 semper
730 2025 931 2062 Dominum
961 2030 1108 2073 patrem
1140 2024 1302 2063 fatentes

438 2084 480 2119 In
512 2088 560 2119 te.
594 2082 743 2119 Christe
776 2082 889 2131 Deus,
916 2082 1115 2129 loquemur
1144 2094 1257 2119 unum

436 2141 736 2185 Constanterque.
768 2144 869 2176 tuam
902 2150 1051 2176 erucem
1084 2138 1261 2176 feremus.

238 2240 402 2281 Sequens.
429 2242 495 2272 111<ss
520 2240 800 2271 Emmeramense
827 2251 916 2272 saec.
946 2240 996 2272 l'l.
1022 2241 1109 2272 Chu.
1135 2241 1317 2273 Monacen.
1349 2239 1468 2272 14845.

598 2397 656 2433 44.
693 2397 773 2440 (17.)
810 2398 955 2432 Versus
982 2397 1264 2432 Ieiunantium.

706 2468 874 2500 (Cathem.
901 2468 979 2505 VII,
1009 2464 1141 2506 1ὴ3-5).

354 2572 389 2608 1.
437 2570 466 2606 Ο
500 2569 709 2616 Namrene,
744 2571 808 2607 lux
840 2571 1028 2617 Bethlem,
1062 2571 1218 2608 verbum
1250 2573 1384 2618 patris,

437 2627 550 2672 Quem
583 2631 715 2672 partus
747 2627 821 2664 alvi
854 2627 1050 2674 virginalis
1081 2627 1252 2674 protulit,

434 2682 581 2719 Adesto
613 2684 740 2729 castis,
773 2683 932 2733 Christe7
967 2684 1208 2731 parsimoniis

436 2739 666 2785 Festumque
698 2744 879 2786 nostrum,
914 2750 979 2777 rex
1012 2751 1179 2789 serenus,
1213 2741 1356 2789 aspice,

438 2795 666 2832 Ieiuniorum
700 2796 786 2832 dum
818 2797 970 2834 litamus
1002 2797 1205 2836 victimam.
