<?xml version="1.0" encoding="UTF-8"?>
<!DOCTYPE html PUBLIC "-//W3C//DTD XHTML 1.0 Transitional//EN"
    "http://www.w3.org/TR/xhtml1/DTD/xhtml1-transitional.dtd">
<html xmlns="http://www.w3.org/1999/xhtml" xml:lang="en" lang="en">
 <head>
  <title>
</title>
<meta http-equiv="Content-Type" content="text/html;charset=utf-8" />
  <meta name='ocr-system' content='tesseract 3.04.00' />
  <meta name='ocr-capabilities' content='ocr_page ocr_carea ocr_par ocr_line ocrx_word'/>
</head>
<body>
  <div class='ocr_page' id='page_1' title='image "./analectahymnicam50drevuoft/analectahymnicam50drevuoft_0158.png"; bbox 0 0 1785 3111; ppageno 0'>
   <div class='ocr_carea' id='block_1_1' title="bbox 804 76 1111 116">
    <p class='ocr_par' dir='ltr' id='par_1_1' title="bbox 804 76 1111 116">
     <span class='ocr_line' id='line_1_1' title="bbox 804 76 1111 116; baseline 0 0"><span class='ocrx_word' id='word_1_1' title='bbox 804 76 1111 116; x_wconf 77' lang='lat'>-146—</span> 
     </span>
    </p>
   </div>
   <div class='ocr_carea' id='block_1_2' title="bbox 173 188 1744 596">
    <p class='ocr_par' dir='ltr' id='par_1_2' title="bbox 174 188 1744 319">
     <span class='ocr_line' id='line_1_2' title="bbox 266 188 1742 233; baseline -0.002 -10"><span class='ocrx_word' id='word_1_2' title='bbox 266 193 396 233; x_wconf 75' lang='lat' dir='ltr'>Hyrnn.</span> <span class='ocrx_word' id='word_1_3' title='bbox 422 202 484 222; x_wconf 87' lang='lat' dir='ltr'>ms.</span> <span class='ocrx_word' id='word_1_4' title='bbox 511 191 778 222; x_wconf 78' lang='lat' dir='ltr'>Severinianum</span> <span class='ocrx_word' id='word_1_5' title='bbox 804 200 892 221; x_wconf 85' lang='lat' dir='ltr'>saec.</span> <span class='ocrx_word' id='word_1_6' title='bbox 922 188 972 221; x_wconf 86' lang='lat'>10.</span> <span class='ocrx_word' id='word_1_7' title='bbox 999 200 1051 222; x_wconf 80' lang='lat' dir='ltr'>ex.</span> <span class='ocrx_word' id='word_1_8' title='bbox 1091 190 1174 222; x_wconf 90' lang='lat' dir='ltr'>Cod.</span> <span class='ocrx_word' id='word_1_9' title='bbox 1192 190 1354 222; x_wconf 80' lang='lat' dir='ltr'>Vatican.</span> <span class='ocrx_word' id='word_1_10' title='bbox 1374 188 1472 222; x_wconf 82' lang='lat'>7172.</span> <span class='ocrx_word' id='word_1_11' title='bbox 1491 190 1530 221; x_wconf 87' lang='lat' dir='ltr'>A.</span> <span class='ocrx_word' id='word_1_12' title='bbox 1550 190 1742 231; x_wconf 89' lang='lat' dir='ltr'>—Hymn.</span> 
     </span>
     <span class='ocr_line' id='line_1_3' title="bbox 175 233 1744 322; baseline -0.001 -54"><span class='ocrx_word' id='word_1_13' title='bbox 175 248 238 268; x_wconf 89' lang='lat' dir='ltr'>ms.</span> <span class='ocrx_word' id='word_1_14' title='bbox 265 237 529 269; x_wconf 83' lang='lat' dir='ltr'>Severinianum</span> <span class='ocrx_word' id='word_1_15' title='bbox 556 246 646 267; x_wconf 83' lang='grc'><strong>5300.</strong></span> <span class='ocrx_word' id='word_1_16' title='bbox 674 234 726 268; x_wconf 89' lang='lat'>10.</span> <span class='ocrx_word' id='word_1_17' title='bbox 752 247 804 267; x_wconf 82' lang='lat' dir='ltr'>ex.</span> <span class='ocrx_word' id='word_1_18' title='bbox 846 235 928 322; x_wconf 59' lang='lat' dir='ltr'>Clpd.</span> <span class='ocrx_word' id='word_1_19' title='bbox 954 236 1105 267; x_wconf 82' lang='lat' dir='ltr'>Parisin.</span> <span class='ocrx_word' id='word_1_20' title='bbox 1135 233 1231 267; x_wconf 87' lang='lat'>1092.</span> <span class='ocrx_word' id='word_1_21' title='bbox 1257 237 1296 267; x_wconf 87' lang='grc' dir='ltr'>Β.</span> <span class='ocrx_word' id='word_1_22' title='bbox 1322 253 1365 258; x_wconf 89' lang='grc'>-</span> <span class='ocrx_word' id='word_1_23' title='bbox 1392 236 1534 278; x_wconf 84' lang='lat' dir='ltr'>Georgii</span> <span class='ocrx_word' id='word_1_24' title='bbox 1553 235 1744 267; x_wconf 82' lang='lat' dir='ltr'><strong>Cassandri</strong></span> 
     </span>
     <span class='ocr_line' id='line_1_4' title="bbox 174 278 1114 324; baseline -0.003 -9"><span class='ocrx_word' id='word_1_25' title='bbox 174 284 307 324; x_wconf 71' lang='lat' dir='ltr'>Hymni</span> <span class='ocrx_word' id='word_1_26' title='bbox 335 282 565 314; x_wconf 81' lang='lat' dir='ltr'>ecclesiastici</span> <span class='ocrx_word' id='word_1_27' title='bbox 591 282 712 313; x_wconf 87' lang='lat' dir='ltr'>Colon.</span> <span class='ocrx_word' id='word_1_28' title='bbox 741 279 838 319; x_wconf 86' lang='lat'>1556,</span> <span class='ocrx_word' id='word_1_29' title='bbox 923 278 990 313; x_wconf 81' lang='grc'><strong>230</strong></span> <span class='ocrx_word' id='word_1_30' title='bbox 1013 281 1047 312; x_wconf 79' lang='lat' dir='ltr'>fl</span> <span class='ocrx_word' id='word_1_31' title='bbox 1077 282 1114 313; x_wconf 88' lang='lat' dir='ltr'>C.</span> 
     </span>
    </p>

    <p class='ocr_par' dir='ltr' id='par_1_3' title="bbox 173 292 1742 596">
     <span class='ocr_line' id='line_1_5' title="bbox 269 292 1741 369; baseline -0.001 -10"><span class='ocrx_word' id='word_1_32' title='bbox 269 327 340 367; x_wconf 92' lang='grc'>1,1</span> <span class='ocrx_word' id='word_1_33' title='bbox 369 328 531 369; x_wconf 83' lang='lat' dir='ltr'>Refulget</span> <span class='ocrx_word' id='word_1_34' title='bbox 555 327 602 359; x_wconf 83' lang='lat' dir='ltr'>A:</span> <span class='ocrx_word' id='word_1_35' title='bbox 637 327 739 358; x_wconf 87' lang='lat' dir='ltr'>Clara</span> <span class='ocrx_word' id='word_1_36' title='bbox 765 292 937 369; x_wconf 79' lang='lat' dir='ltr'>refulgent</span> <span class='ocrx_word' id='word_1_37' title='bbox 963 326 998 358; x_wconf 95' lang='lat' dir='ltr'>C.</span> <span class='ocrx_word' id='word_1_38' title='bbox 1025 343 1070 347; x_wconf 82' lang='lat'>—-</span> <span class='ocrx_word' id='word_1_39' title='bbox 1096 325 1125 364; x_wconf 93' lang='grc'>1,</span> <span class='ocrx_word' id='word_1_40' title='bbox 1150 324 1171 359; x_wconf 75' lang='grc'>’3</span> <span class='ocrx_word' id='word_1_41' title='bbox 1196 327 1386 358; x_wconf 85' lang='lat' dir='ltr'>rubescunt</span> <span class='ocrx_word' id='word_1_42' title='bbox 1409 327 1546 369; x_wconf 79' lang='lat' dir='ltr'>fulgora</span> <span class='ocrx_word' id='word_1_43' title='bbox 1572 327 1741 369; x_wconf 85' lang='lat' dir='ltr'>sanguine</span> 
     </span>
     <span class='ocr_line' id='line_1_6' title="bbox 173 370 1741 415; baseline -0.001 -10"><span class='ocrx_word' id='word_1_44' title='bbox 173 375 222 409; x_wconf 95' lang='lat' dir='ltr'>A·</span> <span class='ocrx_word' id='word_1_45' title='bbox 256 377 446 415; x_wconf 83' lang='lat' dir='ltr'>purpurato</span> <span class='ocrx_word' id='word_1_46' title='bbox 481 375 515 404; x_wconf 91' lang='grc' dir='ltr'>Β.</span> <span class='ocrx_word' id='word_1_47' title='bbox 550 390 593 393; x_wconf 81' lang='lat'>—-</span> <span class='ocrx_word' id='word_1_48' title='bbox 627 371 656 410; x_wconf 91' lang='lat'>1,</span> <span class='ocrx_word' id='word_1_49' title='bbox 681 370 702 402; x_wconf 98' lang='lat'>4</span> <span class='ocrx_word' id='word_1_50' title='bbox 734 373 893 404; x_wconf 76' lang='lat' dir='ltr'>Piaeleta</span> <span class='ocrx_word' id='word_1_51' title='bbox 918 382 994 403; x_wconf 86' lang='lat' dir='ltr'>rore</span> <span class='ocrx_word' id='word_1_52' title='bbox 1020 375 1068 405; x_wconf 82' lang='lat' dir='ltr'>A:</span> <span class='ocrx_word' id='word_1_53' title='bbox 1102 372 1264 403; x_wconf 85' lang='lat' dir='ltr'>Praelato</span> <span class='ocrx_word' id='word_1_54' title='bbox 1290 382 1367 404; x_wconf 89' lang='lat' dir='ltr'>rore</span> <span class='ocrx_word' id='word_1_55' title='bbox 1392 373 1438 405; x_wconf 88' lang='grc' dir='ltr'>Β·</span> <span class='ocrx_word' id='word_1_56' title='bbox 1470 372 1678 404; x_wconf 85' lang='lat' dir='ltr'>Perlitatore</span> <span class='ocrx_word' id='word_1_57' title='bbox 1704 372 1741 403; x_wconf 83' lang='lat' dir='ltr'>C.</span> 
     </span>
     <span class='ocr_line' id='line_1_7' title="bbox 173 415 1742 460; baseline -0.001 -10"><span class='ocrx_word' id='word_1_58' title='bbox 173 437 218 440; x_wconf 90' lang='lat'>——</span> <span class='ocrx_word' id='word_1_59' title='bbox 253 419 280 457; x_wconf 91' lang='lat'>1,</span> <span class='ocrx_word' id='word_1_60' title='bbox 315 418 334 450; x_wconf 82' lang='lat'>5</span> <span class='ocrx_word' id='word_1_61' title='bbox 364 419 501 460; x_wconf 73' lang='lat' dir='ltr'>fragant</span> <span class='ocrx_word' id='word_1_62' title='bbox 535 418 581 450; x_wconf 86' lang='lat' dir='ltr'>A:</span> <span class='ocrx_word' id='word_1_63' title='bbox 615 418 765 459; x_wconf 74' lang='lat' dir='ltr'>flagrant</span> <span class='ocrx_word' id='word_1_64' title='bbox 788 417 857 449; x_wconf 88' lang='lat' dir='ltr'>BC.</span> <span class='ocrx_word' id='word_1_65' title='bbox 882 435 927 439; x_wconf 88' lang='lat'>—</span> <span class='ocrx_word' id='word_1_66' title='bbox 951 415 1027 455; x_wconf 85' lang='grc'>2,1</span> <span class='ocrx_word' id='word_1_67' title='bbox 1065 416 1143 448; x_wconf 86' lang='lat' dir='ltr'>Sint</span> <span class='ocrx_word' id='word_1_68' title='bbox 1168 419 1235 448; x_wconf 83' lang='lat' dir='ltr'>ista</span> <span class='ocrx_word' id='word_1_69' title='bbox 1261 427 1366 458; x_wconf 85' lang='lat' dir='ltr'>supra</span> <span class='ocrx_word' id='word_1_70' title='bbox 1390 417 1547 456; x_wconf 88' lang='lat' dir='ltr'>domum,</span> <span class='ocrx_word' id='word_1_71' title='bbox 1583 418 1742 456; x_wconf 82' lang='lat' dir='ltr'><strong>Domine,</strong></span> 
     </span>
     <span class='ocr_line' id='line_1_8' title="bbox 174 461 1741 504; baseline -0.001 -8"><span class='ocrx_word' id='word_1_72' title='bbox 174 466 225 496; x_wconf 87' lang='lat' dir='ltr'>tui</span> <span class='ocrx_word' id='word_1_73' title='bbox 250 465 328 498; x_wconf 81' lang='lat' dir='ltr'>AB:</span> <span class='ocrx_word' id='word_1_74' title='bbox 357 465 501 495; x_wconf 84' lang='lat' dir='ltr'>Domini</span> <span class='ocrx_word' id='word_1_75' title='bbox 528 464 564 496; x_wconf 89' lang='lat' dir='ltr'>C.</span> <span class='ocrx_word' id='word_1_76' title='bbox 591 481 636 484; x_wconf 97' lang='lat'><strong>—</strong></span> <span class='ocrx_word' id='word_1_77' title='bbox 661 461 691 501; x_wconf 89' lang='grc'>2,</span> <span class='ocrx_word' id='word_1_78' title='bbox 718 462 739 494; x_wconf 94' lang='grc'><strong>2</strong></span> <span class='ocrx_word' id='word_1_79' title='bbox 763 464 903 504; x_wconf 82' lang='lat' dir='ltr'>Apeitis</span> <span class='ocrx_word' id='word_1_80' title='bbox 931 473 1074 504; x_wconf 80' lang='lat' dir='ltr'>semper,</span> <span class='ocrx_word' id='word_1_81' title='bbox 1100 463 1324 504; x_wconf 78' lang='lat' dir='ltr'>deprecamur</span> <span class='ocrx_word' id='word_1_82' title='bbox 1341 464 1420 497; x_wconf 82' lang='lat' dir='ltr'>AB:</span> <span class='ocrx_word' id='word_1_83' title='bbox 1446 463 1602 502; x_wconf 87' lang='lat' dir='ltr'>oculiA,</span> <span class='ocrx_word' id='word_1_84' title='bbox 1630 463 1741 494; x_wconf 89' lang='lat' dir='ltr'>oculis</span> 
     </span>
     <span class='ocr_line' id='line_1_9' title="bbox 173 500 1742 551; baseline -0.001 -10"><span class='ocrx_word' id='word_1_85' title='bbox 173 511 234 541; x_wconf 90' lang='lat' dir='ltr'>B..</span> <span class='ocrx_word' id='word_1_86' title='bbox 244 528 287 531; x_wconf 97' lang='lat'><strong>—</strong></span> <span class='ocrx_word' id='word_1_87' title='bbox 321 500 351 541; x_wconf 76' lang='grc' dir='ltr'>ἰ.3</span> <span class='ocrx_word' id='word_1_88' title='bbox 386 507 402 540; x_wconf 91' lang='grc'>1</span> <span class='ocrx_word' id='word_1_89' title='bbox 441 510 521 541; x_wconf 74' lang='lat' dir='ltr'>Sint</span> <span class='ocrx_word' id='word_1_90' title='bbox 552 509 659 541; x_wconf 87' lang='lat' dir='ltr'>ABC:</span> <span class='ocrx_word' id='word_1_91' title='bbox 692 509 772 541; x_wconf 76' lang='grc'><strong>·111)3</strong></span> <span class='ocrx_word' id='word_1_92' title='bbox 806 509 999 551; x_wconf 80' lang='lat' dir='ltr'>fiequentia</span> <span class='ocrx_word' id='word_1_93' title='bbox 1034 510 1072 538; x_wconf 86' lang='lat' dir='ltr'>C.</span> <span class='ocrx_word' id='word_1_94' title='bbox 1098 526 1142 529; x_wconf 94' lang='lat'><strong>—</strong></span> <span class='ocrx_word' id='word_1_95' title='bbox 1168 506 1199 546; x_wconf 75' lang='grc' dir='ltr'>ῐ3,</span> <span class='ocrx_word' id='word_1_96' title='bbox 1226 506 1246 538; x_wconf 92' lang='grc'><strong>2</strong></span> <span class='ocrx_word' id='word_1_97' title='bbox 1271 508 1327 539; x_wconf 82' lang='grc'><strong>1110</strong></span> <span class='ocrx_word' id='word_1_98' title='bbox 1351 509 1422 540; x_wconf 82' lang='lat' dir='ltr'>AB.</span> <span class='ocrx_word' id='word_1_99' title='bbox 1450 527 1493 529; x_wconf 97' lang='lat'><strong>—</strong></span> <span class='ocrx_word' id='word_1_100' title='bbox 1517 506 1594 547; x_wconf 87' lang='grc'>4,1</span> <span class='ocrx_word' id='word_1_101' title='bbox 1622 509 1742 540; x_wconf 81' lang='lat' dir='ltr'>Nubes</span> 
     </span>
     <span class='ocr_line' id='line_1_10' title="bbox 174 552 1742 596; baseline -0.001 -9"><span class='ocrx_word' id='word_1_102' title='bbox 174 566 344 596; x_wconf 81' lang='lat' dir='ltr'>saciaque</span> <span class='ocrx_word' id='word_1_103' title='bbox 368 556 414 593; x_wconf 91' lang='lat' dir='ltr'>A,</span> <span class='ocrx_word' id='word_1_104' title='bbox 441 564 558 586; x_wconf 85' lang='lat' dir='ltr'>sacrsa</span> <span class='ocrx_word' id='word_1_105' title='bbox 562 565 628 596; x_wconf 91' lang='lat' dir='ltr'>que</span> <span class='ocrx_word' id='word_1_106' title='bbox 654 556 697 586; x_wconf 88' lang='lat' dir='ltr'>B:</span> <span class='ocrx_word' id='word_1_107' title='bbox 724 565 812 596; x_wconf 88' lang='lat' dir='ltr'>quae</span> <span class='ocrx_word' id='word_1_108' title='bbox 838 554 924 586; x_wconf 71' lang='lat' dir='ltr'>fehlt</span> <span class='ocrx_word' id='word_1_109' title='bbox 948 554 1026 585; x_wconf 83' lang='lat' dir='ltr'>AB:</span> <span class='ocrx_word' id='word_1_110' title='bbox 1054 554 1241 594; x_wconf 78' lang='lat' dir='ltr'>pendentes</span> <span class='ocrx_word' id='word_1_111' title='bbox 1268 555 1306 585; x_wconf 92' lang='grc' dir='ltr'>Β.</span> <span class='ocrx_word' id='word_1_112' title='bbox 1332 572 1376 575; x_wconf 82' lang='lat'><strong>—</strong></span> <span class='ocrx_word' id='word_1_113' title='bbox 1400 553 1431 592; x_wconf 98' lang='lat'>4,</span> <span class='ocrx_word' id='word_1_114' title='bbox 1457 552 1477 585; x_wconf 89' lang='grc'><strong>2</strong></span> <span class='ocrx_word' id='word_1_115' title='bbox 1503 555 1577 586; x_wconf 87' lang='lat' dir='ltr'>Deo</span> <span class='ocrx_word' id='word_1_116' title='bbox 1599 556 1742 586; x_wconf 85' lang='lat' dir='ltr'>iuuente</span> 
     </span>
    </p>
   </div>
   <div class='ocr_carea' id='block_1_3' title="bbox 172 568 1743 733">
    <p class='ocr_par' dir='ltr' id='par_1_4' title="bbox 172 568 1743 733">
     <span class='ocr_line' id='line_1_11' title="bbox 172 568 1742 639; baseline -0.001 -7"><span class='ocrx_word' id='word_1_117' title='bbox 172 602 242 633; x_wconf 84' lang='lat' dir='ltr'>AB.</span> <span class='ocrx_word' id='word_1_118' title='bbox 269 618 311 622; x_wconf 89' lang='lat'>—</span> <span class='ocrx_word' id='word_1_119' title='bbox 337 598 369 638; x_wconf 85' lang='lat'>4,</span> <span class='ocrx_word' id='word_1_120' title='bbox 393 579 414 632; x_wconf 81' lang='grc'>3</span> <span class='ocrx_word' id='word_1_121' title='bbox 439 600 568 632; x_wconf 82' lang='lat' dir='ltr'>Tecum</span> <span class='ocrx_word' id='word_1_122' title='bbox 594 601 687 632; x_wconf 87' lang='lat' dir='ltr'>beati</span> <span class='ocrx_word' id='word_1_123' title='bbox 713 568 752 631; x_wconf 92' lang='lat' dir='ltr'>A.</span> <span class='ocrx_word' id='word_1_124' title='bbox 778 618 822 621; x_wconf 89' lang='lat'>—</span> <span class='ocrx_word' id='word_1_125' title='bbox 847 599 878 638; x_wconf 87' lang='lat'>4,</span> <span class='ocrx_word' id='word_1_126' title='bbox 911 598 932 630; x_wconf 89' lang='lat'>4</span> <span class='ocrx_word' id='word_1_127' title='bbox 956 599 1060 630; x_wconf 86' lang='lat' dir='ltr'>huius</span> <span class='ocrx_word' id='word_1_128' title='bbox 1089 600 1179 630; x_wconf 87' lang='lat' dir='ltr'>alme</span> <span class='ocrx_word' id='word_1_129' title='bbox 1206 600 1317 630; x_wconf 87' lang='lat' dir='ltr'>menie</span> <span class='ocrx_word' id='word_1_130' title='bbox 1343 600 1393 639; x_wconf 84' lang='lat' dir='ltr'>B;</span> <span class='ocrx_word' id='word_1_131' title='bbox 1424 600 1513 631; x_wconf 86' lang='lat' dir='ltr'>alme</span> <span class='ocrx_word' id='word_1_132' title='bbox 1539 601 1675 632; x_wconf 84' lang='lat' dir='ltr'>meniae</span> <span class='ocrx_word' id='word_1_133' title='bbox 1701 600 1742 631; x_wconf 88' lang='lat' dir='ltr'>A.</span> 
     </span>
     <span class='ocr_line' id='line_1_12' title="bbox 172 644 1742 686; baseline -0.001 -9"><span class='ocrx_word' id='word_1_134' title='bbox 172 665 215 668; x_wconf 78' lang='lat'>——</span> <span class='ocrx_word' id='word_1_135' title='bbox 241 645 270 686; x_wconf 81' lang='lat'>5,</span> <span class='ocrx_word' id='word_1_136' title='bbox 296 645 318 677; x_wconf 90' lang='lat'>4</span> <span class='ocrx_word' id='word_1_137' title='bbox 343 647 420 677; x_wconf 87' lang='lat' dir='ltr'>Hac</span> <span class='ocrx_word' id='word_1_138' title='bbox 446 647 553 677; x_wconf 86' lang='lat' dir='ltr'>missa</span> <span class='ocrx_word' id='word_1_139' title='bbox 586 646 631 682; x_wconf 79' lang='lat' dir='ltr'>A·.</span> <span class='ocrx_word' id='word_1_140' title='bbox 662 647 711 677; x_wconf 84' lang='lat' dir='ltr'>Ac</span> <span class='ocrx_word' id='word_1_141' title='bbox 742 647 850 677; x_wconf 84' lang='lat' dir='ltr'>missa</span> <span class='ocrx_word' id='word_1_142' title='bbox 882 646 926 681; x_wconf 82' lang='grc' dir='ltr'>Β;</span> <span class='ocrx_word' id='word_1_143' title='bbox 960 645 1072 683; x_wconf 87' lang='grc' dir='ltr'><strong>Η330,</strong></span> <span class='ocrx_word' id='word_1_144' title='bbox 1105 644 1254 683; x_wconf 83' lang='lat' dir='ltr'>Christe,</span> <span class='ocrx_word' id='word_1_145' title='bbox 1287 645 1377 676; x_wconf 83' lang='lat' dir='ltr'>caeli</span> <span class='ocrx_word' id='word_1_146' title='bbox 1410 646 1517 676; x_wconf 87' lang='lat' dir='ltr'>missa</span> <span class='ocrx_word' id='word_1_147' title='bbox 1549 645 1592 677; x_wconf 89' lang='lat' dir='ltr'>de</span> <span class='ocrx_word' id='word_1_148' title='bbox 1625 646 1661 678; x_wconf 86' lang='lat' dir='ltr'>C.</span> <span class='ocrx_word' id='word_1_149' title='bbox 1701 662 1742 666; x_wconf 89' lang='lat'>—-</span> 
     </span>
     <span class='ocr_line' id='line_1_13' title="bbox 173 688 1743 733; baseline -0.001 -9"><span class='ocrx_word' id='word_1_150' title='bbox 173 691 203 730; x_wconf 82' lang='lat'>5,</span> <span class='ocrx_word' id='word_1_151' title='bbox 233 691 252 723; x_wconf 85' lang='lat'>5</span> <span class='ocrx_word' id='word_1_152' title='bbox 278 691 443 724; x_wconf 76' lang='lat' dir='ltr'>fecundes</span> <span class='ocrx_word' id='word_1_153' title='bbox 467 692 503 723; x_wconf 91' lang='lat' dir='ltr'>C.</span> <span class='ocrx_word' id='word_1_154' title='bbox 531 710 563 711; x_wconf 33' lang='lat' dir='ltr'><em>j</em></span> <span class='ocrx_word' id='word_1_155' title='bbox 599 689 630 729; x_wconf 80' lang='lat'>6,</span> <span class='ocrx_word' id='word_1_156' title='bbox 656 689 676 721; x_wconf 88' lang='grc'><strong>2</strong></span> <span class='ocrx_word' id='word_1_157' title='bbox 702 691 906 733; x_wconf 73' lang='lat' dir='ltr'>deprecatus</span> <span class='ocrx_word' id='word_1_158' title='bbox 933 691 1037 722; x_wconf 85' lang='lat' dir='ltr'>fuerit</span> <span class='ocrx_word' id='word_1_159' title='bbox 1063 691 1099 722; x_wconf 90' lang='lat' dir='ltr'>C.</span> <span class='ocrx_word' id='word_1_160' title='bbox 1130 708 1166 711; x_wconf 90' lang='lat'><strong>—</strong></span> <span class='ocrx_word' id='word_1_161' title='bbox 1195 689 1225 729; x_wconf 88' lang='lat'>6,</span> <span class='ocrx_word' id='word_1_162' title='bbox 1252 688 1272 722; x_wconf 78' lang='grc'>3</span> <span class='ocrx_word' id='word_1_163' title='bbox 1301 700 1398 722; x_wconf 82' lang='lat' dir='ltr'>sacro</span> <span class='ocrx_word' id='word_1_164' title='bbox 1428 691 1606 722; x_wconf 89' lang='lat' dir='ltr'>domicilio</span> <span class='ocrx_word' id='word_1_165' title='bbox 1631 691 1671 722; x_wconf 90' lang='lat' dir='ltr'>A.</span> <span class='ocrx_word' id='word_1_166' title='bbox 1699 707 1743 712; x_wconf 84' lang='lat'>-—</span> 
     </span>
    </p>
   </div>
   <div class='ocr_carea' id='block_1_4' title="bbox 173 734 1742 824">
    <p class='ocr_par' dir='ltr' id='par_1_5' title="bbox 173 734 1742 824">
     <span class='ocr_line' id='line_1_14' title="bbox 174 734 1742 779; baseline -0.001 -10"><span class='ocrx_word' id='word_1_167' title='bbox 174 737 204 775; x_wconf 73' lang='lat'>7,</span> <span class='ocrx_word' id='word_1_168' title='bbox 222 736 243 769; x_wconf 93' lang='grc'><strong>2</strong></span> <span class='ocrx_word' id='word_1_169' title='bbox 268 738 414 779; x_wconf 84' lang='lat' dir='ltr'>Tuoque</span> <span class='ocrx_word' id='word_1_170' title='bbox 435 747 532 768; x_wconf 86' lang='lat' dir='ltr'>sacro</span> <span class='ocrx_word' id='word_1_171' title='bbox 550 738 589 768; x_wconf 91' lang='grc' dir='ltr'>Β.</span> <span class='ocrx_word' id='word_1_172' title='bbox 608 754 652 757; x_wconf 87' lang='lat'>—</span> <span class='ocrx_word' id='word_1_173' title='bbox 670 735 700 774; x_wconf 76' lang='grc' dir='ltr'>Τ,</span> <span class='ocrx_word' id='word_1_174' title='bbox 719 735 738 767; x_wconf 81' lang='grc'><em>5</em></span> <span class='ocrx_word' id='word_1_175' title='bbox 765 737 908 778; x_wconf 86' lang='lat' dir='ltr'>perenni</span> <span class='ocrx_word' id='word_1_176' title='bbox 927 737 973 771; x_wconf 79' lang='lat' dir='ltr'>A;</span> <span class='ocrx_word' id='word_1_177' title='bbox 999 736 1138 777; x_wconf 85' lang='lat' dir='ltr'>gaudiis</span> <span class='ocrx_word' id='word_1_178' title='bbox 1157 736 1225 767; x_wconf 81' lang='lat' dir='ltr'>AB.</span> <span class='ocrx_word' id='word_1_179' title='bbox 1245 755 1286 759; x_wconf 91' lang='lat'>—</span> <span class='ocrx_word' id='word_1_180' title='bbox 1305 734 1335 774; x_wconf 78' lang='lat'>8,</span> <span class='ocrx_word' id='word_1_181' title='bbox 1354 734 1375 767; x_wconf 88' lang='grc'><strong>2</strong></span> <span class='ocrx_word' id='word_1_182' title='bbox 1395 737 1541 768; x_wconf 73' lang='lat' dir='ltr'>salvasti</span> <span class='ocrx_word' id='word_1_183' title='bbox 1567 746 1742 778; x_wconf 88' lang='lat' dir='ltr'>purpureo</span> 
     </span>
     <span class='ocr_line' id='line_1_15' title="bbox 173 779 1742 824; baseline -0.001 -9"><span class='ocrx_word' id='word_1_184' title='bbox 173 784 244 815; x_wconf 77' lang='lat' dir='ltr'>AB.</span> <span class='ocrx_word' id='word_1_185' title='bbox 273 801 314 805; x_wconf 76' lang='lat'>--</span> <span class='ocrx_word' id='word_1_186' title='bbox 348 782 379 821; x_wconf 80' lang='grc'>9,</span> <span class='ocrx_word' id='word_1_187' title='bbox 404 781 426 814; x_wconf 86' lang='grc'>4</span> <span class='ocrx_word' id='word_1_188' title='bbox 452 783 647 824; x_wconf 88' lang='lat' dir='ltr'>Honorque</span> <span class='ocrx_word' id='word_1_189' title='bbox 677 784 788 813; x_wconf 81' lang='lat' dir='ltr'>virtus</span> <span class='ocrx_word' id='word_1_190' title='bbox 815 783 851 814; x_wconf 87' lang='lat' dir='ltr'>C.</span> <span class='ocrx_word' id='word_1_191' title='bbox 877 800 921 804; x_wconf 86' lang='lat'>—-</span> <span class='ocrx_word' id='word_1_192' title='bbox 946 784 1009 813; x_wconf 87' lang='lat' dir='ltr'>Am</span> <span class='ocrx_word' id='word_1_193' title='bbox 1036 781 1171 813; x_wconf 86' lang='lat' dir='ltr'>Raude:</span> <span class='ocrx_word' id='word_1_194' title='bbox 1213 782 1416 822; x_wconf 81' lang='lat' dir='ltr'>„Paulini</span> <span class='ocrx_word' id='word_1_195' title='bbox 1450 779 1674 824; x_wconf 79' lang='lat' dir='ltr'>Aquileg.“</span> <span class='ocrx_word' id='word_1_196' title='bbox 1705 781 1742 813; x_wconf 89' lang='lat' dir='ltr'>C.</span> 
     </span>
    </p>
   </div>
   <div class='ocr_carea' id='block_1_5' title="bbox 334 927 1575 971">
    <p class='ocr_par' dir='ltr' id='par_1_6' title="bbox 334 927 1575 971">
     <span class='ocr_line' id='line_1_16' title="bbox 334 927 1575 971; baseline 0.001 -9"><span class='ocrx_word' id='word_1_197' title='bbox 334 928 414 964; x_wconf 82' lang='lat'>106.</span> <span class='ocrx_word' id='word_1_198' title='bbox 451 928 508 970; x_wconf 73' lang='lat' dir='ltr'>(S.)</span> <span class='ocrx_word' id='word_1_199' title='bbox 548 927 718 963; x_wconf 81' lang='lat' dir='ltr'>Carmen</span> <span class='ocrx_word' id='word_1_200' title='bbox 744 927 784 963; x_wconf 88' lang='lat' dir='ltr'>S.</span> <span class='ocrx_word' id='word_1_201' title='bbox 811 927 974 962; x_wconf 85' lang='lat' dir='ltr'>Paulini</span> <span class='ocrx_word' id='word_1_202' title='bbox 1000 927 1049 962; x_wconf 88' lang='lat' dir='ltr'>ad</span> <span class='ocrx_word' id='word_1_203' title='bbox 1074 927 1252 971; x_wconf 80' lang='lat' dir='ltr'>pluviam</span> <span class='ocrx_word' id='word_1_204' title='bbox 1276 927 1575 971; x_wconf 79' lang='lat' dir='ltr'>postulandam.</span> 
     </span>
    </p>
   </div>
   <div class='ocr_carea' id='block_1_6' title="bbox 411 1016 1360 1291">
    <p class='ocr_par' dir='ltr' id='par_1_7' title="bbox 411 1016 1360 1235">
     <span class='ocr_line' id='line_1_17' title="bbox 411 1016 1333 1065; baseline -0.003 -10"><span class='ocrx_word' id='word_1_205' title='bbox 411 1018 445 1057; x_wconf 88' lang='lat'>1.</span> <span class='ocrx_word' id='word_1_206' title='bbox 492 1017 633 1054; x_wconf 85' lang='lat' dir='ltr'>Rerum</span> <span class='ocrx_word' id='word_1_207' title='bbox 666 1022 827 1065; x_wconf 76' lang='lat' dir='ltr'>creator,</span> <span class='ocrx_word' id='word_1_208' title='bbox 858 1020 1052 1062; x_wconf 83' lang='lat' dir='ltr'>protector</span> <span class='ocrx_word' id='word_1_209' title='bbox 1082 1016 1333 1063; x_wconf 82' lang='lat' dir='ltr'>omnipotens,</span> 
     </span>
     <span class='ocr_line' id='line_1_18' title="bbox 493 1073 1360 1120; baseline -0.002 -9"><span class='ocrx_word' id='word_1_210' title='bbox 493 1074 678 1112; x_wconf 86' lang='lat' dir='ltr'>Mundum</span> <span class='ocrx_word' id='word_1_211' title='bbox 710 1074 773 1120; x_wconf 90' lang='lat' dir='ltr'>qui</span> <span class='ocrx_word' id='word_1_212' title='bbox 807 1074 934 1110; x_wconf 83' lang='lat' dir='ltr'>salvas</span> <span class='ocrx_word' id='word_1_213' title='bbox 966 1073 1133 1120; x_wconf 87' lang='lat' dir='ltr'>pretioso</span> <span class='ocrx_word' id='word_1_214' title='bbox 1165 1074 1360 1119; x_wconf 81' lang='lat' dir='ltr'>sanguine,</span> 
     </span>
     <span class='ocr_line' id='line_1_19' title="bbox 490 1129 1248 1176; baseline -0.003 -8"><span class='ocrx_word' id='word_1_215' title='bbox 490 1132 593 1168; x_wconf 69' lang='lat' dir='ltr'>Aera</span> <span class='ocrx_word' id='word_1_216' title='bbox 625 1131 818 1176; x_wconf 85' lang='lat' dir='ltr'>complens</span> <span class='ocrx_word' id='word_1_217' title='bbox 850 1131 932 1167; x_wconf 87' lang='lat' dir='ltr'>luce</span> <span class='ocrx_word' id='word_1_218' title='bbox 964 1130 1026 1176; x_wconf 81' lang='lat' dir='ltr'>qui</span> <span class='ocrx_word' id='word_1_219' title='bbox 1059 1129 1248 1166; x_wconf 84' lang='lat' dir='ltr'>condifiua</span> 
     </span>
     <span class='ocr_line' id='line_1_20' title="bbox 491 1187 1250 1235; baseline -0.003 -11"><span class='ocrx_word' id='word_1_220' title='bbox 491 1188 634 1225; x_wconf 74' lang='lat' dir='ltr'>Cuncta</span> <span class='ocrx_word' id='word_1_221' title='bbox 666 1187 852 1235; x_wconf 81' lang='lat' dir='ltr'>gubernas</span> <span class='ocrx_word' id='word_1_222' title='bbox 884 1187 946 1233; x_wconf 92' lang='lat' dir='ltr'>pio</span> <span class='ocrx_word' id='word_1_223' title='bbox 978 1187 1250 1235; x_wconf 82' lang='lat' dir='ltr'>moderamine,</span> 
     </span>
    </p>

    <p class='ocr_par' dir='ltr' id='par_1_8' title="bbox 490 1243 1290 1291">
     <span class='ocr_line' id='line_1_21' title="bbox 490 1243 1290 1291; baseline 0.003 -10"><span class='ocrx_word' id='word_1_224' title='bbox 490 1245 559 1282; x_wconf 83' lang='lat' dir='ltr'>Est</span> <span class='ocrx_word' id='word_1_225' title='bbox 591 1244 662 1281; x_wconf 83' lang='lat' dir='ltr'>tibi</span> <span class='ocrx_word' id='word_1_226' title='bbox 694 1256 783 1281; x_wconf 84' lang='lat' dir='ltr'>cura</span> <span class='ocrx_word' id='word_1_227' title='bbox 813 1244 991 1291; x_wconf 83' lang='lat' dir='ltr'>quoniam</span> <span class='ocrx_word' id='word_1_228' title='bbox 1023 1244 1069 1281; x_wconf 88' lang='lat' dir='ltr'>de</span> <span class='ocrx_word' id='word_1_229' title='bbox 1102 1243 1290 1283; x_wconf 81' lang='lat' dir='ltr'>omnibus,</span> 
     </span>
    </p>
   </div>
   <div class='ocr_carea' id='block_1_7' title="bbox 408 1327 1445 1603">
    <p class='ocr_par' dir='ltr' id='par_1_9' title="bbox 408 1327 1445 1603">
     <span class='ocr_line' id='line_1_22' title="bbox 408 1327 1227 1376; baseline -0.005 -8"><span class='ocrx_word' id='word_1_230' title='bbox 408 1332 446 1368; x_wconf 83' lang='lat'>2.</span> <span class='ocrx_word' id='word_1_231' title='bbox 494 1330 558 1375; x_wconf 88' lang='lat' dir='ltr'>Sol</span> <span class='ocrx_word' id='word_1_232' title='bbox 590 1335 693 1366; x_wconf 89' lang='lat' dir='ltr'>tuum</span> <span class='ocrx_word' id='word_1_233' title='bbox 725 1329 833 1366; x_wconf 89' lang='lat' dir='ltr'>iubes</span> <span class='ocrx_word' id='word_1_234' title='bbox 865 1329 956 1365; x_wconf 88' lang='lat' dir='ltr'>oriri</span> <span class='ocrx_word' id='word_1_235' title='bbox 987 1327 1227 1376; x_wconf 73' lang='lat' dir='ltr'>splendiflue,</span> 
     </span>
     <span class='ocr_line' id='line_1_23' title="bbox 492 1385 1288 1423; baseline -0.003 0"><span class='ocrx_word' id='word_1_236' title='bbox 492 1387 628 1423; x_wconf 81' lang='lat' dir='ltr'>Latum</span> <span class='ocrx_word' id='word_1_237' title='bbox 660 1387 799 1423; x_wconf 86' lang='lat' dir='ltr'>vestire</span> <span class='ocrx_word' id='word_1_238' title='bbox 830 1386 988 1422; x_wconf 83' lang='lat' dir='ltr'>mandas</span> <span class='ocrx_word' id='word_1_239' title='bbox 1020 1386 1148 1422; x_wconf 88' lang='lat' dir='ltr'>orbem</span> <span class='ocrx_word' id='word_1_240' title='bbox 1180 1385 1288 1422; x_wconf 80' lang='lat' dir='ltr'>radio</span> 
     </span>
     <span class='ocr_line' id='line_1_24' title="bbox 491 1441 1311 1491; baseline -0.002 -11"><span class='ocrx_word' id='word_1_241' title='bbox 491 1444 705 1490; x_wconf 85' lang='lat' dir='ltr'>Stellasque</span> <span class='ocrx_word' id='word_1_242' title='bbox 736 1443 832 1480; x_wconf 88' lang='lat' dir='ltr'>roris</span> <span class='ocrx_word' id='word_1_243' title='bbox 863 1443 1021 1479; x_wconf 86' lang='lat' dir='ltr'>imbrem</span> <span class='ocrx_word' id='word_1_244' title='bbox 1055 1441 1150 1479; x_wconf 80' lang='lat' dir='ltr'>facis</span> <span class='ocrx_word' id='word_1_245' title='bbox 1181 1441 1311 1491; x_wconf 83' lang='lat' dir='ltr'>fluere,</span> 
     </span>
     <span class='ocr_line' id='line_1_25' title="bbox 490 1498 1445 1547; baseline -0.001 -10"><span class='ocrx_word' id='word_1_246' title='bbox 490 1501 593 1537; x_wconf 83' lang='lat' dir='ltr'>Bibit</span> <span class='ocrx_word' id='word_1_247' title='bbox 625 1512 734 1547; x_wconf 80' lang='lat' dir='ltr'>quein</span> <span class='ocrx_word' id='word_1_248' title='bbox 769 1500 893 1545; x_wconf 85' lang='lat' dir='ltr'>tellus,</span> <span class='ocrx_word' id='word_1_249' title='bbox 927 1498 1073 1536; x_wconf 84' lang='lat' dir='ltr'>fructus</span> <span class='ocrx_word' id='word_1_250' title='bbox 1104 1498 1238 1536; x_wconf 88' lang='lat' dir='ltr'>offerre</span> <span class='ocrx_word' id='word_1_251' title='bbox 1269 1499 1445 1545; x_wconf 85' lang='lat' dir='ltr'>optimOS,</span> 
     </span>
     <span class='ocr_line' id='line_1_26' title="bbox 491 1556 1304 1603; baseline -0.001 -9"><span class='ocrx_word' id='word_1_252' title='bbox 491 1558 620 1594; x_wconf 83' lang='lat' dir='ltr'>Nutrit</span> <span class='ocrx_word' id='word_1_253' title='bbox 653 1558 699 1594; x_wconf 89' lang='lat' dir='ltr'>de</span> <span class='ocrx_word' id='word_1_254' title='bbox 730 1557 865 1603; x_wconf 85' lang='lat' dir='ltr'>quibus</span> <span class='ocrx_word' id='word_1_255' title='bbox 898 1558 1074 1603; x_wconf 91' lang='lat' dir='ltr'>proprios</span> <span class='ocrx_word' id='word_1_256' title='bbox 1106 1556 1304 1594; x_wconf 76' lang='lat' dir='ltr'>ruricolas,</span> 
     </span>
    </p>
   </div>
   <div class='ocr_carea' id='block_1_8' title="bbox 407 1641 1348 1906">
    <p class='ocr_par' dir='ltr' id='par_1_10' title="bbox 407 1641 1307 1802">
     <span class='ocr_line' id='line_1_27' title="bbox 407 1641 1307 1687; baseline -0.006 -6"><span class='ocrx_word' id='word_1_257' title='bbox 407 1645 443 1681; x_wconf 86' lang='lat'>3.</span> <span class='ocrx_word' id='word_1_258' title='bbox 491 1643 572 1679; x_wconf 83' lang='lat' dir='ltr'>Tua</span> <span class='ocrx_word' id='word_1_259' title='bbox 603 1646 688 1678; x_wconf 89' lang='lat' dir='ltr'>sunt</span> <span class='ocrx_word' id='word_1_260' title='bbox 720 1646 867 1685; x_wconf 85' lang='lat' dir='ltr'>cuncta,</span> <span class='ocrx_word' id='word_1_261' title='bbox 902 1642 949 1678; x_wconf 91' lang='lat' dir='ltr'>de</span> <span class='ocrx_word' id='word_1_262' title='bbox 979 1646 1043 1678; x_wconf 85' lang='lat' dir='ltr'>tua</span> <span class='ocrx_word' id='word_1_263' title='bbox 1073 1641 1307 1687; x_wconf 81' lang='lat' dir='ltr'>suscepimus</span> 
     </span>
     <span class='ocr_line' id='line_1_28' title="bbox 492 1698 1248 1744; baseline -0.003 -9"><span class='ocrx_word' id='word_1_264' title='bbox 492 1699 626 1737; x_wconf 80' lang='lat' dir='ltr'>Omnia</span> <span class='ocrx_word' id='word_1_265' title='bbox 658 1710 781 1743; x_wconf 82' lang='lat' dir='ltr'>manu,</span> <span class='ocrx_word' id='word_1_266' title='bbox 813 1698 987 1744; x_wconf 84' lang='lat' dir='ltr'>Domine,</span> <span class='ocrx_word' id='word_1_267' title='bbox 1020 1698 1248 1744; x_wconf 79' lang='lat' dir='ltr'>largissima,</span> 
     </span>
     <span class='ocr_line' id='line_1_29' title="bbox 494 1754 1167 1802; baseline -0.003 -10"><span class='ocrx_word' id='word_1_268' title='bbox 494 1756 601 1792; x_wconf 85' lang='lat' dir='ltr'>Licet</span> <span class='ocrx_word' id='word_1_269' title='bbox 632 1756 772 1802; x_wconf 84' lang='lat' dir='ltr'>ingrati</span> <span class='ocrx_word' id='word_1_270' title='bbox 805 1766 959 1792; x_wconf 86' lang='lat' dir='ltr'>munere</span> <span class='ocrx_word' id='word_1_271' title='bbox 990 1754 1167 1802; x_wconf 84' lang='lat' dir='ltr'>gratuito,</span> 
     </span>
    </p>

    <p class='ocr_par' dir='ltr' id='par_1_11' title="bbox 491 1811 1348 1906">
     <span class='ocr_line' id='line_1_30' title="bbox 491 1811 1276 1858; baseline -0.003 -10"><span class='ocrx_word' id='word_1_272' title='bbox 491 1814 560 1858; x_wconf 83' lang='lat' dir='ltr'>Qui</span> <span class='ocrx_word' id='word_1_273' title='bbox 593 1813 718 1858; x_wconf 87' lang='lat' dir='ltr'>reples</span> <span class='ocrx_word' id='word_1_274' title='bbox 749 1823 858 1848; x_wconf 88' lang='lat' dir='ltr'>omne</span> <span class='ocrx_word' id='word_1_275' title='bbox 889 1812 1029 1849; x_wconf 81' lang='lat' dir='ltr'>animal</span> <span class='ocrx_word' id='word_1_276' title='bbox 1062 1811 1276 1856; x_wconf 83' lang='lat' dir='ltr'>dulcedine,</span> 
     </span>
     <span class='ocr_line' id='line_1_31' title="bbox 492 1868 1348 1906; baseline 0 0"><span class='ocrx_word' id='word_1_277' title='bbox 492 1869 570 1906; x_wconf 75' lang='lat' dir='ltr'>Das</span> <span class='ocrx_word' id='word_1_278' title='bbox 603 1880 708 1906; x_wconf 83' lang='lat' dir='ltr'>escas</span> <span class='ocrx_word' id='word_1_279' title='bbox 741 1870 886 1905; x_wconf 83' lang='lat' dir='ltr'>cunetis</span> <span class='ocrx_word' id='word_1_280' title='bbox 916 1875 957 1905; x_wconf 87' lang='lat' dir='ltr'>tu</span> <span class='ocrx_word' id='word_1_281' title='bbox 986 1869 1087 1905; x_wconf 87' lang='lat' dir='ltr'>solus</span> <span class='ocrx_word' id='word_1_282' title='bbox 1121 1868 1348 1906; x_wconf 74' lang='lat' dir='ltr'>viventibus,</span> 
     </span>
    </p>
   </div>
   <div class='ocr_carea' id='block_1_9' title="bbox 405 1953 1324 2230">
    <p class='ocr_par' dir='ltr' id='par_1_12' title="bbox 405 1953 1324 2230">
     <span class='ocr_line' id='line_1_32' title="bbox 405 1953 1320 2002; baseline -0.005 -8"><span class='ocrx_word' id='word_1_283' title='bbox 405 1957 443 1994; x_wconf 81' lang='lat'>4.</span> <span class='ocrx_word' id='word_1_284' title='bbox 490 1955 545 1992; x_wconf 80' lang='lat' dir='ltr'>Te</span> <span class='ocrx_word' id='word_1_285' title='bbox 578 1955 827 2002; x_wconf 83' lang='lat' dir='ltr'>deprecamur</span> <span class='ocrx_word' id='word_1_286' title='bbox 855 1966 934 2001; x_wconf 70' lang='lat' dir='ltr'>nos,</span> <span class='ocrx_word' id='word_1_287' title='bbox 967 1955 1137 2001; x_wconf 77' lang='lat' dir='ltr'>quamvis</span> <span class='ocrx_word' id='word_1_288' title='bbox 1166 1953 1320 1991; x_wconf 89' lang='lat' dir='ltr'>inutiles</span> 
     </span>
     <span class='ocr_line' id='line_1_33' title="bbox 491 2011 1227 2059; baseline -0.001 -11"><span class='ocrx_word' id='word_1_289' title='bbox 491 2012 638 2049; x_wconf 80' lang='lat' dir='ltr'>servuli</span> <span class='ocrx_word' id='word_1_290' title='bbox 670 2012 737 2057; x_wconf 79' lang='lat' dir='ltr'>tui,</span> <span class='ocrx_word' id='word_1_291' title='bbox 771 2013 871 2049; x_wconf 90' lang='lat' dir='ltr'>Deus</span> <span class='ocrx_word' id='word_1_292' title='bbox 903 2016 1024 2059; x_wconf 69' lang='lat' dir='ltr'>pater,</span> <span class='ocrx_word' id='word_1_293' title='bbox 1057 2011 1227 2058; x_wconf 78' lang='lat' dir='ltr'>subveni,</span> 
     </span>
     <span class='ocr_line' id='line_1_34' title="bbox 492 2067 1324 2112; baseline -0.004 -6"><span class='ocrx_word' id='word_1_294' title='bbox 492 2069 617 2106; x_wconf 89' lang='lat' dir='ltr'>Nullis</span> <span class='ocrx_word' id='word_1_295' title='bbox 650 2068 781 2105; x_wconf 83' lang='lat' dir='ltr'>confisi</span> <span class='ocrx_word' id='word_1_296' title='bbox 812 2069 950 2105; x_wconf 87' lang='lat' dir='ltr'>nostris</span> <span class='ocrx_word' id='word_1_297' title='bbox 982 2069 1055 2105; x_wconf 89' lang='lat' dir='ltr'>iam</span> <span class='ocrx_word' id='word_1_298' title='bbox 1089 2068 1136 2104; x_wconf 88' lang='lat' dir='ltr'>de</span> <span class='ocrx_word' id='word_1_299' title='bbox 1167 2067 1324 2112; x_wconf 87' lang='lat' dir='ltr'>meritis,</span> 
     </span>
     <span class='ocr_line' id='line_1_35' title="bbox 494 2125 1288 2172; baseline -0.003 -9"><span class='ocrx_word' id='word_1_300' title='bbox 494 2126 568 2163; x_wconf 88' lang='lat' dir='ltr'>Sed</span> <span class='ocrx_word' id='word_1_301' title='bbox 602 2130 666 2162; x_wconf 82' lang='lat' dir='ltr'>tua</span> <span class='ocrx_word' id='word_1_302' title='bbox 698 2125 790 2161; x_wconf 87' lang='lat' dir='ltr'>certi</span> <span class='ocrx_word' id='word_1_303' title='bbox 821 2136 963 2162; x_wconf 85' lang='lat' dir='ltr'>summa</span> <span class='ocrx_word' id='word_1_304' title='bbox 998 2126 1044 2162; x_wconf 88' lang='lat' dir='ltr'>de</span> <span class='ocrx_word' id='word_1_305' title='bbox 1075 2125 1288 2172; x_wconf 85' lang='lat' dir='ltr'>clementia,</span> 
     </span>
     <span class='ocr_line' id='line_1_36' title="bbox 490 2181 1220 2230; baseline 0 -10"><span class='ocrx_word' id='word_1_306' title='bbox 490 2184 631 2230; x_wconf 81' lang='lat' dir='ltr'>Magna</span> <span class='ocrx_word' id='word_1_307' title='bbox 661 2183 725 2228; x_wconf 93' lang='lat' dir='ltr'>qui</span> <span class='ocrx_word' id='word_1_308' title='bbox 757 2181 851 2218; x_wconf 84' lang='lat' dir='ltr'>facis</span> <span class='ocrx_word' id='word_1_309' title='bbox 883 2183 984 2219; x_wconf 88' lang='lat' dir='ltr'>solus</span> <span class='ocrx_word' id='word_1_310' title='bbox 1018 2181 1220 2220; x_wconf 84' lang='lat' dir='ltr'>mirabilia.</span> 
     </span>
    </p>
   </div>
   <div class='ocr_carea' id='block_1_10' title="bbox 406 2268 1440 2541">
    <p class='ocr_par' dir='ltr' id='par_1_13' title="bbox 406 2268 1440 2541">
     <span class='ocr_line' id='line_1_37' title="bbox 406 2268 1226 2315; baseline -0.004 -8"><span class='ocrx_word' id='word_1_311' title='bbox 406 2272 441 2307; x_wconf 86' lang='lat'>5.</span> <span class='ocrx_word' id='word_1_312' title='bbox 490 2269 562 2307; x_wconf 88' lang='grc'><strong>1110</strong></span> <span class='ocrx_word' id='word_1_313' title='bbox 594 2269 763 2315; x_wconf 67' lang='lat' dir='ltr'>dignare,</span> <span class='ocrx_word' id='word_1_314' title='bbox 795 2278 1033 2314; x_wconf 82' lang='lat' dir='ltr'>quaesumus,</span> <span class='ocrx_word' id='word_1_315' title='bbox 1065 2268 1226 2313; x_wconf 89' lang='lat' dir='ltr'>imperio</span> 
     </span>
     <span class='ocr_line' id='line_1_38' title="bbox 489 2324 1271 2371; baseline -0.003 -9"><span class='ocrx_word' id='word_1_316' title='bbox 489 2325 678 2362; x_wconf 85' lang='lat' dir='ltr'>Mandare</span> <span class='ocrx_word' id='word_1_317' title='bbox 709 2325 844 2368; x_wconf 87' lang='lat' dir='ltr'>ventis,</span> <span class='ocrx_word' id='word_1_318' title='bbox 875 2325 1065 2371; x_wconf 83' lang='lat' dir='ltr'>imperare</span> <span class='ocrx_word' id='word_1_319' title='bbox 1096 2324 1271 2369; x_wconf 87' lang='lat' dir='ltr'>nubibus,</span> 
     </span>
     <span class='ocr_line' id='line_1_39' title="bbox 490 2381 1440 2430; baseline -0.002 -11"><span class='ocrx_word' id='word_1_320' title='bbox 490 2382 596 2429; x_wconf 82' lang='lat' dir='ltr'>Quod</span> <span class='ocrx_word' id='word_1_321' title='bbox 629 2382 769 2418; x_wconf 90' lang='lat' dir='ltr'>dudum</span> <span class='ocrx_word' id='word_1_322' title='bbox 801 2386 917 2418; x_wconf 86' lang='lat' dir='ltr'>nauta</span> <span class='ocrx_word' id='word_1_323' title='bbox 948 2381 1116 2430; x_wconf 77' lang='lat' dir='ltr'>deperit3</span> <span class='ocrx_word' id='word_1_324' title='bbox 1149 2392 1231 2417; x_wconf 88' lang='lat' dir='ltr'>cum</span> <span class='ocrx_word' id='word_1_325' title='bbox 1265 2391 1440 2427; x_wconf 84' lang='lat' dir='ltr'>carperes</span> 
     </span>
     <span class='ocr_line' id='line_1_40' title="bbox 490 2438 1333 2486; baseline -0.002 -11"><span class='ocrx_word' id='word_1_326' title='bbox 490 2439 533 2475; x_wconf 91' lang='lat' dir='ltr'>In</span> <span class='ocrx_word' id='word_1_327' title='bbox 565 2439 651 2475; x_wconf 84' lang='lat' dir='ltr'>navi</span> <span class='ocrx_word' id='word_1_328' title='bbox 682 2449 866 2486; x_wconf 84' lang='lat' dir='ltr'>somnum,</span> <span class='ocrx_word' id='word_1_329' title='bbox 900 2438 1075 2485; x_wconf 82' lang='lat' dir='ltr'>dignatus</span> <span class='ocrx_word' id='word_1_330' title='bbox 1107 2448 1146 2474; x_wconf 89' lang='lat' dir='ltr'>es</span> <span class='ocrx_word' id='word_1_331' title='bbox 1177 2447 1333 2484; x_wconf 82' lang='lat' dir='ltr'>surgere</span> 
     </span>
     <span class='ocr_line' id='line_1_41' title="bbox 490 2494 1210 2541; baseline -0.003 -9"><span class='ocrx_word' id='word_1_332' title='bbox 490 2495 597 2532; x_wconf 81' lang='lat' dir='ltr'>Tunc</span> <span class='ocrx_word' id='word_1_333' title='bbox 628 2500 804 2532; x_wconf 84' lang='lat' dir='ltr'>exoratus</span> <span class='ocrx_word' id='word_1_334' title='bbox 835 2495 910 2531; x_wconf 89' lang='lat' dir='ltr'>tuis</span> <span class='ocrx_word' id='word_1_335' title='bbox 941 2506 962 2531; x_wconf 86' lang='lat' dir='ltr'>a</span> <span class='ocrx_word' id='word_1_336' title='bbox 996 2494 1210 2541; x_wconf 83' lang='lat' dir='ltr'>discipulis.</span> 
     </span>
    </p>
   </div>
   <div class='ocr_carea' id='block_1_11' title="bbox 405 2579 1426 2853">
    <p class='ocr_par' dir='ltr' id='par_1_14' title="bbox 405 2579 1426 2853">
     <span class='ocr_line' id='line_1_42' title="bbox 405 2579 1271 2626; baseline -0.007 -6"><span class='ocrx_word' id='word_1_337' title='bbox 405 2582 442 2620; x_wconf 88' lang='grc'>6.</span> <span class='ocrx_word' id='word_1_338' title='bbox 489 2580 630 2617; x_wconf 86' lang='lat' dir='ltr'>Dixisti</span> <span class='ocrx_word' id='word_1_339' title='bbox 661 2579 775 2617; x_wconf 85' lang='lat' dir='ltr'>mari:</span> <span class='ocrx_word' id='word_1_340' title='bbox 809 2581 912 2616; x_wconf 80' lang='lat' dir='ltr'>tace!</span> <span class='ocrx_word' id='word_1_341' title='bbox 945 2590 1032 2616; x_wconf 83' lang='lat' dir='ltr'>mox</span> <span class='ocrx_word' id='word_1_342' title='bbox 1065 2579 1271 2626; x_wconf 86' lang='lat' dir='ltr'>conticuit;</span> 
     </span>
     <span class='ocr_line' id='line_1_43' title="bbox 489 2635 1300 2683; baseline -0.004 -10"><span class='ocrx_word' id='word_1_343' title='bbox 489 2637 632 2673; x_wconf 87' lang='lat' dir='ltr'>Ventos</span> <span class='ocrx_word' id='word_1_344' title='bbox 664 2636 806 2672; x_wconf 86' lang='lat' dir='ltr'>iussisti</span> <span class='ocrx_word' id='word_1_345' title='bbox 839 2647 995 2682; x_wconf 88' lang='lat' dir='ltr'>prorsus</span> <span class='ocrx_word' id='word_1_346' title='bbox 1026 2635 1300 2683; x_wconf 82' lang='lat' dir='ltr'>obmutescere,</span> 
     </span>
     <span class='ocr_line' id='line_1_44' title="bbox 491 2691 1290 2740; baseline -0.004 -9"><span class='ocrx_word' id='word_1_347' title='bbox 491 2695 535 2731; x_wconf 92' lang='lat' dir='ltr'>In</span> <span class='ocrx_word' id='word_1_348' title='bbox 567 2703 606 2730; x_wconf 84' lang='lat' dir='ltr'>se</span> <span class='ocrx_word' id='word_1_349' title='bbox 637 2691 781 2730; x_wconf 82' lang='lat' dir='ltr'>refudit.</span> <span class='ocrx_word' id='word_1_350' title='bbox 810 2703 914 2729; x_wconf 85' lang='lat' dir='ltr'>mare</span> <span class='ocrx_word' id='word_1_351' title='bbox 943 2691 1078 2729; x_wconf 85' lang='lat' dir='ltr'>fluctus</span> <span class='ocrx_word' id='word_1_352' title='bbox 1111 2692 1290 2740; x_wconf 84' lang='lat' dir='ltr'>tumidos,</span> 
     </span>
     <span class='ocr_line' id='line_1_45' title="bbox 490 2749 1163 2796; baseline -0.004 -9"><span class='ocrx_word' id='word_1_353' title='bbox 490 2750 664 2787; x_wconf 82' lang='lat' dir='ltr'>Procella</span> <span class='ocrx_word' id='word_1_354' title='bbox 697 2749 798 2785; x_wconf 81' lang='lat' dir='ltr'>venti</span> <span class='ocrx_word' id='word_1_355' title='bbox 830 2749 1016 2796; x_wconf 83' lang='lat' dir='ltr'>dissipata</span> <span class='ocrx_word' id='word_1_356' title='bbox 1046 2749 1163 2796; x_wconf 82' lang='lat' dir='ltr'>siluit,</span> 
     </span>
     <span class='ocr_line' id='line_1_46' title="bbox 490 2804 1426 2853; baseline -0.003 -10"><span class='ocrx_word' id='word_1_357' title='bbox 490 2807 560 2844; x_wconf 88' lang='lat' dir='ltr'>Est</span> <span class='ocrx_word' id='word_1_358' title='bbox 592 2805 694 2844; x_wconf 85' lang='lat' dir='ltr'>faeta</span> <span class='ocrx_word' id='word_1_359' title='bbox 724 2817 858 2853; x_wconf 77' lang='lat' dir='ltr'>magna</span> <span class='ocrx_word' id='word_1_360' title='bbox 889 2810 1122 2853; x_wconf 83' lang='lat' dir='ltr'>quapropter</span> <span class='ocrx_word' id='word_1_361' title='bbox 1154 2804 1426 2851; x_wconf 83' lang='lat' dir='ltr'>tranquillitas.</span> 
     </span>
    </p>
   </div>
  </div>
 </body>
</html>
