1785 3111
796 37 1104 77 —288—

610 194 691 229 9:20.
727 193 809 236 (10).
846 193 950 227 Prae
977 192 1129 229 Gaudio
1157 192 1291 227 Pacis.

454 307 489 345 1.
538 306 717 343 Sanctum
748 303 974 350 simpliciter
1005 304 1156 341 Patrem
1189 305 1284 351 cole,

650 371 859 407 pauperum
892 361 1056 407 caterva,

591 418 851 463 Quantumque
882 416 993 461 nosti,
1026 416 1202 453 laudibus
1234 417 1388 461 honora,

453 511 475 547 [Ο

486 538 494 546 .
539 508 602 545 Ad
633 519 801 544 normam
834 507 972 554 redigit
1005 508 1067 553 qui
1099 507 1253 544 subdita

651 565 777 601 saecla
807 563 1000 610 pravitati,

596 623 733 659 Potens
764 620 932 657 novandi
963 621 1061 656 sicut
1092 624 1129 656 et
1160 620 1315 656 creandi

453 714 489 750 3.
535 712 597 761 Et,
632 722 746 758 grave
779 711 970 757 damnate,
1002 711 1102 757 longi
1135 710 1205 747 tibi

650 768 825 805 subvenit
856 767 997 804 laboris

593 825 710 871 Opem
744 823 902 861 ferendo
934 825 1039 870 pacis
1071 827 1106 859 et
1138 823 1286 869 quietis,

453 918 492 956 4.
539 917 618 953 Iam
652 926 828 961 proceres
860 915 981 961 legum
1014 914 1224 951 rationibus

648 977 735 1008 ante
768 972 926 1021 desueti,

594 1031 696 1075 Quae
725 1034 828 1065 recta
861 1029 1023 1075 discunt,
1055 1032 1207 1063 strenue
1239 1030 1453 1072 capessunt.

542 1120 691 1157 Praedo
716 1130 865 1156 manum
895 1118 1044 1155 cohibet
1078 1117 1206 1155 furcae
1238 1128 1391 1163 memor,

653 1181 689 1211 et
719 1176 866 1212 latrone
899 1186 1023 1212 coram

595 1233 754 1269 Inermis
785 1234 861 1269 alte
892 1233 1078 1278 praecinit
1109 1232 1244 1281 viator,

457 1122 477 1157 ζμ

455 1326 492 1364 6.
539 1324 663 1375 Dente
693 1324 879 1360 saturnali
910 1323 1153 1371 restringitur

652 1386 811 1427 evagata
842 1381 928 1416 vitis

598 1438 783 1484 Cultuque
815 1438 926 1473 tellus
957 1442 1064 1473 senta
1096 1435 1333 1472 mansuescit.

458 1529 491 1566 7.
541 1528 690 1565 Gaudet
722 1529 854 1565 lancea
886 1526 977 1575 falx,
1010 1527 1146 1573 gaudet
1180 1530 1289 1573 spata

656 1586 834 1622 devenire
865 1596 1004 1628 vomer,

600 1642 678 1678 Pax
712 1642 809 1678 ditat
839 1642 945 1691 imos,
979 1644 1165 1687 pauperat
1196 1640 1394 1688 superbos.

455 1732 492 1769 8.
544 1731 668 1777 Salve,
701 1742 843 1767 summe
875 1736 996 1777 pater,
1031 1730 1088 1767 fer
1119 1735 1155 1767 et
1185 1731 1358 1767 omnibus

654 1789 838 1833 integram
872 1789 1043 1829 salutem,

598 1844 816 1890 Quicunque
848 1846 952 1892 pacis
985 1845 1149 1891 diligunt
1180 1845 1356 1890 quietem.

457 1936 492 1971 9.
539 1936 604 1981 At,
636 1934 699 1982 qui
732 1933 832 1970 bella
860 1934 1002 1980 volunt,
1036 1935 1102 1970 hos
1134 1940 1286 1971 contere

658 1991 816 2027 dextera
847 1991 1008 2039 potenti,

597 2047 769 2083 Tradens
801 2048 994 2094 gehennae
1026 2047 1122 2084 filios
1158 2048 1324 2094 maligni.

269 2159 382 2199 Opera
416 2170 476 2190 ms.
501 2159 658 2190 Fulberti
692 2169 781 2190 saec.
810 2157 860 2190 11.
887 2161 934 2190 in.
960 2156 1018 2200 [12
1043 2163 1077 2190 et
1103 2157 1170 2201 17].
1219 2160 1302 2191 Cod.
1329 2160 1477 2191 Parisin.
1504 2156 1604 2191 2872.
1631 2160 1670 2191 Α.
1695 2177 1738 2181 ——

177 2200 310 2236 Ibidem
347 2202 383 2235 2⁰
418 2215 521 2235 inanu
555 2214 643 2235 saec.
683 2203 733 2235 17.
759 2206 797 2236 B.
823 2222 867 2225 —
892 2206 944 2236 De
976 2205 1114 2236 Villiers
1140 2205 1197 2236 fol.
1227 2202 1329 2236 18:221.
1357 2205 1393 2236 C.
1424 2222 1458 2225 -
1489 2203 1526 2242 2,
1561 2203 1582 2236 3
1606 2206 1734 2237 Potens

177 2250 329 2280 uouendi
357 2251 391 2283 ss.
418 2267 459 2270 —
486 2249 523 2287 3³1,
561 2248 575 2280 1
610 2249 656 2280 Et
687 2260 795 2291 grave
827 2250 906 2281 dam
935 2251 1009 2281 nati
1035 2251 1081 2289 133
1113 2250 1160 2281 Et
1191 2251 1305 2291 gratia
1330 2250 1483 2282 damnati
1511 2250 1546 2282 C.
1573 2269 1617 2273 —
1644 2249 1680 2289 4,
1714 2248 1735 2283 3

179 2299 271 2326 recte
297 2295 363 2326 ssc.
390 2312 433 2315 —
459 2293 490 2333 9,
518 2293 533 2325 1
561 2295 607 2326 Et
636 2296 695 2336 qui
723 2296 792 2327 AC.
817 2312 861 2318 —
886 2294 916 2333 9,
942 2294 962 2327 3
989 2295 1146 2326 Trudens
1173 2297 1209 2328 C.

645 2475 727 2510 221.
764 2475 842 2517 (11).
881 2475 1022 2511 Oratio
1049 2485 1123 2520 pro
1150 2476 1272 2518 Rege.

628 2587 771 2633 Regum
803 2588 982 2634 princeps
1013 2593 1124 2634 atque
1155 2589 1285 2635 virtus,

684 2644 788 2680 cuius
821 2649 911 2680 nutu
943 2644 1062 2680 maria

634 2699 786 2736 Caelum
818 2704 940 2747 gyrat,
972 2705 1076 2737 terra
1106 2704 1265 2749 perstat,

680 2756 932 2802 disponuntur
962 2757 1124 2803 saecula,
