1785 3111
678 62 962 102 -99-

241 173 358 215 Dona
388 187 553 223 superna
583 177 729 224 loquar,
761 177 921 214 miserae
952 188 1027 214 non
1058 177 1204 223 proelia
1235 177 1384 227 Troiae,

297 233 418 270 Terra
449 233 584 280 quibus
616 233 767 280 gaudet,
802 234 900 271 dona
932 244 1097 280 superna
1127 234 1273 280 loquar.

239 286 314 339 En,
348 289 452 327 Deus
483 291 582 326 altus
614 290 696 326 adit
727 291 965 328 venerandae
996 291 1154 337 virginis
1184 291 1310 327 alvum

158 347 208 384 10
298 346 455 383 Liberet
483 352 524 382 ut
555 347 738 394 homines,
767 357 825 392 en,
859 347 962 384 Deus
993 348 1091 384 altus
1122 347 1215 384 adit.

239 400 404 442 Femina
434 403 541 450 virgo
573 404 674 450 parit
706 404 834 441 mundi
868 404 1004 441 devota
1035 409 1245 450 parentem,

297 461 413 497 Porta
443 461 570 498 Maria
600 460 686 508 Dei,
719 459 859 497 femina
892 461 997 507 virgo
1029 461 1141 507 parit,

242 512 399 557 Gaudet
426 518 547 554 amica
579 517 713 554 cohors
746 518 793 555 de
824 518 970 565 virgine
1001 523 1121 554 matre
1151 518 1328 567 tonantis,

297 574 527 621 Virginitate
558 575 701 611 micans
732 574 872 621 gaudet
902 574 1023 611 amica
1054 574 1201 613 cohors,

156 631 206 668 15
240 627 368 669 Huius
399 630 520 668 honor
550 631 677 679 genuit
711 634 815 668 casto
847 631 894 668 de
925 631 1092 677 germine
1123 631 1264 678 plures,

299 687 498 734 virgineos
529 687 642 725 flores
674 687 782 724 huius
813 687 933 724 honor
961 687 1101 734 genuit.

242 741 406 791 Ignibus
436 750 521 782 usta
553 743 644 781 feris
675 745 781 791 virgo
812 755 885 781 non
918 744 1029 780 cessit
1062 744 1226 793 Agatha,

297 801 447 838 Eulalia
479 806 516 838 et
547 800 692 848 perfert
722 801 873 848 ignibus
904 805 990 838 usta
1021 799 1125 840 feris.

238 853 366 896 Kasta
398 856 499 895 feras
531 862 686 905 superat
716 858 852 894 mentis
883 869 952 904 pro
985 858 1146 894 culmine
1174 858 1302 909 Teela,

152 912 205 952 20
292 913 470 952 Eufemia
501 926 608 952 sacra
641 920 745 951 casta
777 913 877 951 feras
909 919 1076 961 superat.

236 967 360 1009 Laeta
391 972 490 1008 ridet
523 972 671 1019 gladios
702 970 805 1008 ferro
836 971 1030 1008 robustior
1059 973 1200 1018 Agnes,

295 1028 461 1066 Caecilia
490 1027 649 1065 infestos
681 1028 781 1065 laeta
811 1028 913 1066 ridet
943 1028 1103 1077 gladios,

238 1081 384 1123 Multus
416 1086 455 1122 in
487 1085 579 1122 orbe
610 1086 711 1132 viget
740 1096 811 1134 per
840 1085 966 1123 sobria
999 1085 1115 1122 corda
1145 1085 1372 1134 triumphus,

296 1141 522 1179 Sobrietatis
553 1154 659 1179 amor
689 1143 829 1179 multus
860 1143 898 1179 in
927 1142 1019 1179 orbe
1051 1142 1164 1189 viget.

157 1199 207 1235 25
237 1194 379 1237 Nostra
410 1210 558 1246 quoque
589 1200 740 1247 egregia
770 1199 845 1236 iam
877 1204 1049 1246 tempora
1080 1199 1187 1246 virgo
1219 1198 1360 1248 beavit,

295 1256 520 1294 Edilthrida
551 1257 648 1293 nitet
678 1261 809 1294 nostra
837 1267 984 1303 quoque
1016 1256 1180 1305 egregia.

242 1307 342 1351 Orta
372 1318 482 1359 patre
513 1313 650 1350 eximio
682 1313 800 1360 regali
833 1320 870 1349 et
901 1317 1097 1350 stemmate
1128 1313 1243 1363 clara,

297 1369 474 1407 Nobilior
503 1370 665 1407 Domino
697 1376 755 1408 est
786 1375 868 1407 orta
899 1376 1009 1416 patre
1039 1370 1189 1410 eximio„

240 1422 420 1475 Percipit,
449 1427 540 1464 inde
572 1427 687 1464 decus
718 1427 849 1474 regina
880 1431 916 1463 et
948 1430 1100 1473 sceptra
1131 1426 1199 1463 sub
1231 1427 1358 1471 astris,

157 1483 209 1521 30
299 1484 389 1521 Plus
421 1495 536 1531 super
566 1488 670 1521 astra
700 1494 856 1521 manens
888 1484 1053 1530 percipit
1083 1483 1172 1520 inde
1205 1485 1319 1521 decus

240 1535 343 1593 Quid
375 1541 486 1589 petis,
519 1542 631 1589 alma,
664 1541 800 1588 virum,
832 1552 971 1588 sponso
1002 1541 1077 1577 iam
1110 1541 1241 1578 dedita
1271 1540 1445 1578 summo?

296 1597 464 1645 Sponsus
497 1598 606 1635 adest
637 1598 834 1644 Christus3
867 1597 958 1645 quid
990 1597 1102 1648 petis,
1135 1598 1246 1648 alma,
1281 1597 1433 1636 virum?

236 1649 358 1701 Regis
389 1658 429 1691 ut
460 1655 630 1692 aetherei
660 1661 818 1692 matrem
851 1655 938 1702 iam,
972 1654 1099 1703 cred0‚
1131 1655 1314 1705 sequaris,

294 1711 351 1748 Tu
381 1722 528 1759 quoque
559 1712 610 1748 sis
640 1718 764 1749 mater
793 1712 893 1759 regis
916 1716 951 1748 et
984 1711 1164 1749 aetherei.

152 1769 202 1806 35
238 1762 391 1814 Sponsa
423 1768 550 1806 dicata
579 1769 660 1806 Deo
691 1768 750 1805 bis
785 1779 852 1806 sex
882 1773 1109 1816 regnaverat
1139 1770 1247 1806 annis

293 1825 412 1872 Inque
445 1826 676 1863 monasterio
708 1830 765 1863 est
796 1837 935 1873 sponsa
968 1826 1094 1863 dicata
1125 1826 1220 1867 Deo.

236 1878 341 1920 Tota
371 1887 523 1920 sacrata
543 1883 631 1929 polo
664 1883 775 1920 celsis
805 1882 870 1919 ubi
901 1881 1030 1921 floruit,
1060 1883 1171 1930 actis,

294 1939 479 1976 Reddidit
510 1944 623 1986 atque
654 1940 816 1977 animam
849 1943 930 1977 tota
961 1944 1111 1978 saerata
1141 1941 1243 1990 polo.

236 1991 409 2042 Virginis
440 1997 539 2034 alma
571 2007 660 2034 caro
691 2001 748 2033 est
778 1998 964 2034 tumulata
994 1996 1053 2033 bis
1085 2002 1170 2035 octo
1202 1997 1452 2043 Novembres,

150 2053 203 2091 40
293 2052 374 2089 Nec
404 2058 512 2100 putet
541 2054 581 2090 in
613 2054 757 2090 tumulo
789 2054 946 2100 virginis
978 2054 1077 2091 alma
1111 2064 1212 2093 caro.

237 2105 390 2160 Xriste,
425 2110 481 2147 tui
512 2114 570 2147 est
600 2111 739 2157 operis,
773 2111 861 2157 quia.
891 2111 1008 2147 vestis
1040 2114 1077 2148 et
1107 2111 1193 2159 ipsa
1224 2112 1404 2159 sepulcro

295 2167 484 2204 Inviolata
513 2167 622 2215 nitet,
657 2167 821 2213 Christe,
854 2168 909 2204 tui
941 2172 999 2204 est
1028 2169 1169 2214 operis.

236 2217 369 2260 Ydros
401 2228 438 2260 et
467 2228 551 2261 ater
581 2224 663 2261 abit
693 2235 826 2261 sacrae
857 2235 926 2271 pro
956 2225 1074 2262 vestis
1106 2225 1262 2274 honore,

291 2280 421 2317 Morbi
453 2280 665 2329 diffugiunt,
698 2282 816 2328 ydros
849 2286 886 2318 et
916 2286 998 2318 ater
1029 2281 1121 2320 abit.

147 2337 199 2374 45
232 2333 348 2375 Zelus
379 2338 418 2374 in
449 2338 558 2375 hoste
589 2336 696 2383 furit,
726 2339 916 2384 quondam
949 2339 1011 2385 qui
1044 2338 1188 2376 vicerat
1218 2339 1355 2382 Evam,

295 2394 410 2441 Virgo
441 2395 653 2441 triumphat
684 2405 814 2444 ovanS‚
848 2395 949 2432 zelus
980 2396 1019 2432 in
1050 2395 1159 2433 hoste
1190 2394 1297 2434 furit.

664 2503 685 2527 *
950 2505 971 2527 >i<

807 2537 828 2559 >k

234 2614 393 2667 Aspice,
426 2625 546 2667 nupta
578 2621 672 2669 Deo,
704 2632 799 2668 quae
831 2622 879 2658 sit
910 2622 979 2658 tibi
1011 2623 1135 2669 gloria
1166 2623 1293 2671 terris,

291 2677 395 2722 Quae
425 2682 577 2715 maneat
610 2678 739 2725 caelis,
771 2679 913 2724 aspice.
946 2684 1064 2725 nupta
1096 2680 1190 2717 Deo.

234 2728 399 2771 Munera
429 2734 531 2781 laeta
559 2735 677 2781 capis,
711 2733 859 2772 festivis
891 2734 1037 2781 fulgida
1068 2737 1204 2785 taedis,

291 2789 405 2837 Eece,
438 2791 542 2828 venit
572 2793 754 2838 sponsus!
789 2803 944 2829 munera
975 2793 1073 2830 laeta
1107 2794 1224 2839 capis
