1785 3111
166 202 231 239 33.

161 321 229 357 34.

163 439 228 476 35.

163 557 228 593 36.

164 675 230 714 37.

161 794 227 832 38.

161 914 226 950 39.

159 1032 225 1068 40.

159 1150 225 1187 41.

157 1270 223 1308 42.

156 1388 224 1426 43.

157 1502 223 1538 44.

159 1615 226 1652 45.

161 1728 226 1764 46.

158 1838 224 1876 47.

159 1953 224 1989 48.

158 2066 224 2103 49.

160 2179 224 2217 50.

160 2291 226 2329 51.

160 2404 224 2441 52.

160 2517 226 2555 53.

159 2631 224 2669 54.

160 2743 226 2779 55.

784 109 840 112 -
898 86 980 126 502

278 200 491 238 Morantem
522 200 637 236 tantis
668 199 816 247 gaudiis

275 257 437 293 Chorum
468 256 569 294 vitae
599 256 793 303 perpetuis

276 317 513 356 Promissum
546 318 652 364 virgo
685 318 825 355 caelica

273 374 410 421 Sponsi
442 375 563 411 cernit
588 385 658 421 per
686 375 868 421 praemia,

275 435 438 474 Auctori
468 437 595 473 iuncta
627 437 792 474 omnium

274 493 386 530 Vitae
417 493 530 530 sumit
560 493 721 540 initium,

277 554 419 593 'saedis
451 555 627 602 splendet
653 555 906 604 sponsalibus,

277 614 375 658 Quot
406 612 591 658 processit
624 612 839 658 virtutibus,

276 673 450 724 Emerge,
487 674 607 710 dulcis
639 673 729 720 filia,

273 731 428 767 Nitesce
459 730 546 779 iam,
584 730 817 778 virguncula,

276 791 469 839 Regnanti
501 803 656 839 regnum
688 792 829 841 obviat,

276 849 426 886 Christo
458 860 597 895 sponso
629 860 668 886 se
701 850 860 887 collocat

274 910 323 949 In
365 911 497 948 mundi
530 912 718 957 quondam
750 922 909 959 vespere

274 970 391 1014 Quam
423 979 497 1004 nox
529 968 667 1014 pressit
698 968 885 1018 miseriae,

271 1029 358 1067 Non
389 1030 489 1066 ultra
521 1030 642 1077 vergit
673 1031 841 1077 pendula

270 1087 459 1123 Eventum
492 1096 617 1122 rerum
652 1087 766 1124 dubia

272 1147 482 1187 Gratamer
512 1149 639 1185 iuncta
670 1149 835 1196 principi

272 1205 441 1241 Vestitur
472 1205 569 1241 stola
603 1205 758 1252 duplici,

273 1267 431 1314 Regalis
462 1272 599 1313 pompa
632 1267 789 1305 thalami

275 1324 460 1361 Pulchrae
492 1322 686 1369 profertur
718 1326 868 1373 virgini,

272 1385 464 1432 Astringit
496 1386 607 1422 istam
639 1398 807 1433 purpura

272 1445 390 1489 Auro,
423 1442 579 1489 gemmis
611 1442 792 1493 interlita,

273 1498 436 1546 Cingunt
469 1499 641 1535 armillae
673 1499 827 1536 brachia

270 1557 319 1598 Et
354 1557 526 1593 dextram
560 1556 830 1604 dextrochiria,

272 1612 394 1651 Istam
428 1612 700 1649 discriminalia

273 1672 431 1707 (emunt
464 1668 716 1715 olfactoriola,

274 1725 393 1764 Aevis
426 1725 535 1772 fulgit
568 1725 837 1771 splendoribus

272 1784 321 1819 Et
354 1782 524 1828 mysticis
557 1782 765 1828 ornatibus,

273 1837 464 1888 Quaenam
497 1838 557 1874 hic
589 1844 664 1874 tam
696 1839 866 1876 mirificis

273 1896 451 1932 Ornanda
479 1899 532 1930 tot
566 1895 745 1940 indunfis,

272 1950 394 1998 Virgo
426 1951 566 1988 sericas
599 1951 788 1991 sindones.

273 2009 455 2052 Teristra,
489 2007 735 2053 periscelides

271 2063 404 2111 Amor,
437 2076 458 2101 o
492 2063 653 2108 Christe,
688 2065 843 2112 virginis

273 2122 385 2159 Unda
417 2122 636 2168 redemptae
669 2122 874 2169 sanguinis,

273 2176 412 2215 Sancte
443 2184 657 2215 sanctorum
690 2178 863 2223 Domine,

273 2235 360 2280 Quis
393 2235 462 2271 hoc
493 2234 609 2270 stabit
642 2235 679 2271 in
711 2245 877 2283 munere,

272 2290 405 2327 Tantis
440 2291 547 2328 donis
579 2296 617 2327 ut
647 2291 781 2337 dignus
814 2293 875 2335 sit,

272 2347 361 2392 Quis
392 2359 553 2393 unquam
583 2347 641 2383 hic
664 2349 717 2384 sic
740 2348 903 2399 proficit,

273 2402 386 2440 Alma
418 2405 537 2440 virtus
570 2403 750 2449 fidelium,

273 2460 437 2496 Tuorum
471 2461 585 2496 decus
619 2461 767 2509 civium,

272 2515 415 2553 Beatus
448 2516 550 2552 urbis
582 2517 722 2554 accola.

275 2573 412 2609 Plenae
444 2571 578 2609 festiva
611 2574 745 2619 gratia,

270 2626 456 2665 Inventus
488 2640 570 2665 eum
603 2630 781 2676 virgineis

272 2685 362 2721 Flos
391 2684 504 2721 stabit
539 2687 823 2731 conventiculis,

273 2740 439 2787 Tempus
471 2742 752 2779 interminabile

276 2797 453 2835 Paschali
486 2803 661 2835 constans
693 2799 826 2836 ordine

980 201 1046 238 33.

980 320 1045 358 34.

980 439 1043 475 35.

979 557 1044 596 36.

979 675 1043 714 37.

980 794 1045 831 38.

979 913 1044 950 39.

978 1032 1043 1069 40.

976 1152 1040 1188 41.

976 1270 1042 1307 42.

976 1390 1042 1426 43.

976 1503 1043 1539 44.

977 1617 1044 1653 45.

977 1730 1042 1766 46.

978 1955 1045 1992 48.

978 2067 1044 2103 49.

978 2179 1044 2216 50.

978 2293 1042 2330 51.

1092 198 1226 247 Agnus
1259 200 1485 246 praecurrit,
1517 201 1666 248 agmina

1092 257 1216 303 Digna
1246 260 1454 303 sequuntur
1482 257 1598 295 milia.

1092 317 1237 356 Mutari
1267 329 1424 367 prorsus
1455 320 1594 364 nescia,

1093 375 1202 412 Statu
1223 375 1518 412 transscendens
1539 380 1723 423 tempora.

1089 435 1212 476 Vitali
1243 442 1395 483 sceptro
1426 437 1605 486 glorians,

1094 493 1187 539 Legi
1218 494 1342 530 carnis
1374 492 1442 530 flos
1476 494 1687 532 dominans.

1092 554 1278 593 Laetatur
1305 556 1399 592 lucis
1430 556 1566 603 gratia,

1048 619 1061 625 “
1092 614 1209 658 Quam
1243 611 1318 648 fert
1349 612 1457 648 iustis
1489 613 1648 652 iustitia.

1091 673 1263 712 Tandem
1295 674 1424 710 visura
1455 674 1619 711 nobilem

1091 731 1283 768 Christum
1305 730 1427 767 Deum
1459 735 1495 767 et
1521 731 1725 771 hominem.

1092 791 1177 830 Iam
1209 797 1412 839 regnatura
1442 794 1630 839 perpetim

1093 849 1213 886 Donis
1245 850 1393 886 collatis
1426 849 1581 889 affatim.

1092 910 1238 949 Tuetur
1268 912 1324 948 sol
1354 911 1558 948 immobilis

1091 968 1141 1005 Et
1172 979 1247 1014 pax
1277 968 1580 1007 interminabilis,

1090 1029 1252 1069 veracis
1286 1028 1382 1066 festo
1414 1030 1565 1067 sabbati

1090 1087 1215 1124 Lucra
1245 1092 1390 1123 metens
1421 1087 1493 1123 iam
1526 1086 1630 1125 fidei.

1088 1149 1197 1187 Dona
1227 1154 1404 1195 suscepta
1433 1149 1608 1186 laudibus

1089 1206 1249 1253 Signans
1282 1211 1317 1242 et
1349 1206 1445 1242 votis
1478 1205 1663 1242 omnibus.

1091 1266 1244 1306 ostrum
1276 1267 1434 1314 insigne,
1467 1268 1621 1313 specula

1089 1326 1206 1361 Vates
1238 1323 1431 1370 praedixit
1461 1324 1566 1364 talia.

1090 1386 1240 1424 Dotalis
1272 1391 1436 1433 torques,
1470 1387 1611 1435 lunula,

1091 1444 1219 1489 Mitra,
1255 1443 1349 1479 vitta
1381 1453 1463 1479 cum
1492 1442 1620 1482 fibula.

1090 1499 1237 1539 Vernat
1269 1500 1408 1535 monile
1437 1499 1634 1546 gemmulis

1090 1558 1134 1594 In
1166 1567 1276 1594 aures
1308 1557 1444 1592 iunctis
1476 1556 1637 1593 annulis.

1092 1611 1237 1659 Lapilli
1269 1617 1427 1650 vernant
1459 1613 1582 1649 aureis

1090 1670 1210 1707 Huius
1242 1675 1379 1706 ornatu
1409 1670 1581 1716 guttulis,

1092 1724 1251 1764 Coronis
1283 1725 1392 1762 rubet
1424 1726 1547 1762 aureis

1091 1782 1209 1819 Victis
1241 1782 1444 1819 horrendis
1476 1782 1645 1829 proeliis

1037 1869 1043 1876 .
1092 1839 1152 1877 Ex
1184 1843 1284 1875 torta
1316 1838 1429 1885 bysso
1461 1839 1624 1876 candida

1092 1896 1212 1933 Cocco
1245 1895 1301 1931 bis
1327 1896 1446 1932 tincto
1476 1895 1641 1932 florida?

1092 1952 1223 1989 Dotali
1255 1953 1366 1988 sumit
1398 1953 1575 2000 pignore,

1092 2009 1121 2046 Ο
1154 2009 1268 2045 vestis
1302 2008 1416 2045 decor
1446 2009 1650 2055 mysticae!

1091 2063 1140 2102 In
1172 2064 1243 2101 hac
1274 2069 1311 2100 te
1342 2064 1417 2101 fixa
1448 2065 1571 2111 gratia

1090 2122 1192 2166 Quae
1215 2121 1328 2168 digne
1349 2121 1506 2157 laudant
1525 2120 1721 2157 carmina?

1091 2176 1203 2215 Notis
1235 2178 1309 2213 tuis
1340 2177 1440 2222 quod
1473 2188 1693 2224 praeparas,

1092 2235 1203 2270 Vices
1235 2244 1358 2270 rerum
1392 2238 1431 2270 ut
1463 2235 1656 2272 terminas,

1090 2290 1246 2329 Iactura
1275 2290 1363 2326 licet
1395 2290 1558 2326 omnium

1090 2348 1144 2384 Te
1166 2353 1333 2395 quaerat,
1361 2357 1465 2393 spem
1490 2346 1724 2383 viventium?

1091 2403 1183 2443 Sion
1216 2403 1320 2440 urbis
1351 2403 1545 2440 introitum

1090 2461 1179 2506 Quis
1221 2459 1377 2496 habebit
1419 2465 1454 2496 et
1485 2458 1725 2506 praemium?

1035 2547 1042 2555 .
1090 2516 1227 2555 Totum
1270 2516 1406 2552 bonum
1438 2516 1499 2562 qui
1533 2516 1723 2562 vendicat,

1089 2573 1197 2618 Quod
1230 2583 1273 2608 ex
1305 2577 1413 2618 parte
1445 2573 1703 2618 praeviderat.

1089 2628 1237 2668 vernat
1268 2629 1306 2664 in
1338 2632 1446 2673 patre
1478 2629 1642 2665 omnium

1090 2686 1197 2723 Unus
1228 2695 1334 2721 amor
1364 2685 1598 2724 laetantium.

1036 2771 1045 2781 .
1091 2741 1236 2779 Estatis
1269 2745 1352 2777 ortu
1384 2741 1564 2783 tenditur,

1092 2800 1172 2844 Quo
1204 2797 1311 2834 labor
1341 2797 1461 2834 omnis
1492 2798 1650 2834 tollitur.
