1785 3111
178 215 211 252 7.

145 1378 211 1416 10.

144 1764 211 1803 11.

144 2148 210 2186 12.

143 2531 207 2570 13.

257 211 382 247 Nullis
413 208 515 246 flecti
552 209 733 256 precibus

261 267 390 304 Potest
418 267 717 313 crudelissimuS,

261 323 299 360 Si
330 323 367 359 in
399 324 498 360 malo
529 334 644 370 opere

261 380 490 426 Quemquam
523 381 637 416 sentit.
669 380 808 427 vivere,

261 437 372 473 Hunc
405 437 533 473 dolose
567 437 721 483 decipit,

261 493 417 530 Servum
450 493 522 530 sibi
555 494 672 540 eligit.

266 600 392 637 Servis
425 600 501 636 suis
533 601 702 649 praemia

264 657 382 694 Dabit
413 658 659 705 amarissima,

270 715 361 752 Illos
393 716 545 760 quando
577 719 762 751 tartarum

261 771 402 817 Mergit
432 771 471 807 in
502 771 771 820 sulphureum3

258 828 352 865 Eius
383 828 468 865 aula
499 828 656 865 sordida

259 885 382 921 Multa
412 884 527 921 habet
557 885 695 922 tristia.

258 991 316 1029 Ibi
349 996 476 1028 errant
507 993 667 1039 animae,

258 1049 377 1087 Dolor
408 1049 518 1085 adest
548 1049 726 1097 undique,

259 1105 410 1142 Gemitu
441 1106 690 1142 maerentium

258 1163 307 1199 Et
338 1162 441 1199 luctu
474 1162 679 1199 dolentium

258 1219 399 1255 Domus
430 1223 509 1255 tota
541 1223 734 1267 personat,

257 1277 344 1322 lpse
374 1286 516 1323 poenas
537 1271 711 1314 ordinat.

257 1378 377 1415 Orcus
409 1378 545 1414 sedens
576 1378 669 1414 solio

256 1435 370 1481 Ignis,
404 1435 487 1480 pice
518 1433 674 1481 fumido,

256 1491 365 1527 Visus
397 1491 475 1527 eius
508 1491 696 1539 horridus,

253 1548 373 1598 Dolor
403 1548 675 1595 aestuantibus,

255 1606 328 1642 Pro
361 1605 521 1642 diversis
554 1605 656 1641 vitiis

256 1662 399 1698 Poenas
431 1662 550 1698 tradit
581 1661 751 1708 singulis.

258 1764 438 1799 Potentes
468 1763 687 1809 potentibus

256 1819 467 1856 Committit
498 1820 729 1867 tortoribus3

255 1876 313 1911 Ibi
345 1880 431 1911 sunt
461 1876 657 1922 angustiae

253 1932 304 1969 Et
331 1932 471 1968 multae
501 1932 687 1981 miseriae,

255 1989 312 2025 lbi
344 1988 577 2035 paenitentia

257 2045 345 2082 Sine
376 2045 622 2092 indulgentia.

260 2149 347 2196 Yae,
383 2158 451 2184 vae
482 2146 725 2184 lamentabile

256 2205 428 2242 Clamant
458 2214 608 2250 semper
639 2203 796 2253 animae,

255 2260 381 2297 Verba
413 2261 503 2297 dant
534 2260 730 2307 precantia

256 2318 336 2353 Nec
366 2317 603 2363 auxiliantia,

258 2375 346 2410 Post
378 2374 539 2410 calorem
571 2373 726 2410 nimium

254 2431 385 2476 Aquas
417 2431 560 2466 intrant
591 2430 744 2469 nivium.

254 2531 370 2568 Nulla
401 2534 523 2568 tamen
552 2531 677 2568 anima

254 2587 337 2623 Nisi
367 2587 491 2624 carnis
524 2587 664 2625 famula

256 2644 504 2681 Pertimescat
534 2648 718 2681 tartarum

255 2701 305 2737 Et
335 2711 461 2746 regem
492 2705 710 2751 tartareum,

255 2758 357 2802 Quae
388 2756 545 2794 internis
576 2758 742 2794 tenebris

256 2814 379 2851 Carne
408 2813 506 2850 iacet
538 2813 686 2851 debilis.

916 95 940 135 (Ὀ

946 95 970 135 Οἱ)

909 262 913 266 Δ
967 210 1031 248 14.

970 602 1034 640 15.

963 993 1027 1032 16.

961 1378 1025 1417 17.

960 1764 1025 1804 18.

960 2148 1023 2186 19.

959 2533 1023 2571 20.

1079 210 1205 247 Habet
1236 215 1323 257 post
1355 211 1511 248 delicias

1078 267 1183 304 Haec
1215 271 1388 305 aeternas
1419 268 1618 319 tenebras3

1079 323 1137 361 Ibi
1168 322 1277 360 fletus
1308 324 1499 361 hominum

1078 381 1127 417 Et
1159 385 1215 417 est
1246 381 1389 418 stridor
1420 382 1600 431 dentium,

1080 437 1232 474 Clamor
1263 438 1323 473 hic
1354 438 1596 487 plorantium,

1079 493 1201 532 Dolor
1231 494 1466 532 ululantium.

1082 601 1201 637 Iudex
1235 601 1295 637 hic
1326 605 1516 638 tartareus

1081 657 1260 695 Gaudens
1292 658 1523 694 cruciatibus

1079 714 1184 752 Mala
1214 718 1345 751 nostra
1372 715 1534 751 trutinat

1083 773 1246 808 Poenam
1276 776 1313 808 et
1343 775 1571 812 remunerat.

1079 828 1138 864 Ne
1168 839 1236 866 nos
1266 828 1305 864 in
1336 829 1515 876 voragine

1078 885 1328 922 Versaremur
1358 886 1507 934 misere,

1076 993 1178 1029 Deus
1210 1002 1394 1038 quaerens
1426 995 1583 1029 venerat

1075 1050 1204 1095 Ovem,
1238 1060 1348 1095 quam
1380 1049 1616 1097 perdiderat,

1073 1106 1134 1155 Et,
1169 1106 1232 1152 qui
1263 1106 1383 1152 legem
1416 1105 1586 1153 dederat,

1072 1163 1165 1209 Legi
1196 1173 1236 1198 se
1267 1162 1491 1199 subdiderat

1074 1220 1125 1256 Et
1155 1230 1225 1266 pro
1256 1219 1326 1264 his,
1358 1230 1449 1265 quos
1481 1218 1666 1268 condidit,

1070 1276 1233 1313 Mortem
1266 1275 1387 1312 diram
1419 1275 1546 1314 subiit.

1073 1377 1192 1414 Nobis
1223 1378 1278 1413 sic
1309 1377 1542 1423 compatiens

1072 1434 1243 1471 Dederat
1272 1434 1510 1482 omnipotens

1072 1491 1253 1528 Liberum
1283 1490 1483 1528 arbitrium

1070 1548 1276 1585 Devitandi
1307 1551 1505 1596 tartarum,

1072 1605 1174 1642 Vitia
1205 1605 1237 1640 si
1267 1605 1480 1650 spernimus

1070 1662 1122 1698 Et
1152 1661 1184 1698 si
1216 1661 1312 1698 bona
1343 1659 1514 1709 facimus,

1074 1763 1139 1800 Nil
1171 1762 1321 1800 nocebit
1352 1763 1530 1811 animam,

1075 1820 1207 1856 Veniet
1232 1819 1281 1857 ad
1312 1819 1483 1866 gloriam.

1074 1875 1125 1912 Et
1158 1876 1339 1913 debemus
1372 1876 1574 1913 Dominum

1072 1933 1123 1970 Et
1153 1943 1280 1970 amare
1310 1932 1546 1981 proximum3

1072 1990 1178 2026 Haec
1208 1993 1414 2035 praecepta
1444 1989 1592 2036 gemina

1072 2046 1226 2083 Ducunt
1260 2047 1309 2082 ad
1339 2045 1528 2083 caelestia.

1070 2148 1121 2184 Et
1152 2158 1220 2194 per
1250 2150 1398 2194 portam
1430 2145 1595 2183 ferream

1071 2204 1173 2241 Dant
1203 2204 1252 2241 ad
1282 2203 1414 2240 urbem
1446 2203 1629 2250 semitam,

1070 2262 1112 2298 In
1144 2272 1217 2307 qua
1245 2260 1308 2297 lux
1339 2259 1505 2296 iustitiae

1069 2318 1121 2354 Et
1151 2321 1208 2354 est
1240 2328 1311 2354 vox
1342 2316 1521 2367 laetitiae,

1072 2375 1116 2411 In
1147 2385 1220 2420 qua
1251 2373 1416 2420 gaudent
1448 2372 1598 2420 agmina

1069 2431 1213 2477 Requie
1241 2434 1439 2477 perpetua.

1070 2533 1141 2570 Est
1173 2542 1260 2570 vere
1290 2530 1460 2568 floridior

1069 2589 1121 2626 Et
1151 2588 1230 2625 sole
1260 2586 1507 2636 splendidior,

1067 2644 1196 2682 Mellis
1228 2644 1341 2681 habet
1371 2642 1535 2687 flumina,

1067 2701 1199 2738 Dulcis
1231 2710 1347 2737 aurae
1375 2698 1540 2750 flamina,

1069 2757 1181 2794 Dicta
1211 2756 1316 2803 pacis
1347 2757 1442 2793 visio

1068 2814 1211 2852 Ornatu
1243 2812 1425 2860 angelico.
