1785 3111
673 70 984 110 —327—

273 184 331 222 Tu
361 187 512 222 sanctos
542 187 647 221 vates
679 182 802 221 fecisti
836 184 973 232 degere
1007 185 1116 234 tales,

270 240 325 279 Ut
355 240 532 278 miranda
562 240 635 278 Dei
668 246 847 278 canerent
877 242 1080 288 praeconia
1117 242 1271 282 Christi.

270 297 488 344 Discipulos
519 296 662 334 Christi
692 303 769 335 tam
801 296 920 335 fortes
952 309 1035 335 esse
1067 299 1222 344 dedisti,

173 354 223 392 15
271 354 364 391 Eius
395 358 436 390 ut
467 354 505 390 in
539 358 714 391 cunctum
747 355 929 392 veherent.
960 356 1143 392 miracula
1173 356 1366 396 mundum.

274 410 366 448 Cum
397 410 610 448 machinam
642 423 769 448 rerum
801 410 946 448 faceret
978 412 1080 449 Deus
1111 413 1409 462 omnigenarum,

271 468 329 505 Tu
360 466 507 504 foturus
539 479 656 514 aquas
686 469 753 505 has
785 469 867 505 iure
898 472 962 505 tuo
993 469 1199 508 solidabas,

269 524 327 561 Tu
359 524 535 571 lymphas
566 526 705 571 pandis
737 525 933 562 animabus
965 524 1203 562 vivificandis

271 582 434 628 Ipseque
466 581 639 618 carnales
669 581 752 618 fieri
786 582 854 619 das
886 582 1117 630 spirituales,

172 639 225 676 20
272 638 329 675 Tu
360 648 508 685 quoque
539 638 700 675 divisum
733 649 802 685 per
832 639 984 686 linguae
1013 639 1219 676 schismata
1250 639 1430 677 mundum

270 694 322 732 Et
353 695 477 732 varios
511 696 605 732 ritus
638 695 871 742 coadunasti,
905 696 967 742 pie
998 694 1120 732 flatus.

268 751 461 789 Idolatras
492 756 635 798 gentes,
668 752 739 788 hoc
770 757 827 788 est.
857 752 1061 788 simulacra
1091 753 1271 800 colentes,

270 809 334 846 Ad
367 808 508 845 cultum
539 808 692 845 Domini
723 814 775 857 tu,
809 809 962 854 praesul
994 819 1148 855 summe,
1182 809 1338 847 vocasti.

268 866 381 903 Nunc
410 865 519 913 assis,
552 870 694 911 sancte,
726 865 835 901 nobis
868 865 1117 902 clamantibus
1145 865 1194 902 ad
1225 870 1286 910 te;

170 924 221 960 25
269 922 367 959 Nam
398 923 479 958 sine
509 926 548 958 te
580 921 723 958 frustra
756 921 798 958 fit
829 926 908 958 tota
940 922 1109 968 precatio
1140 926 1284 961 nostra.

269 979 338 1028 Tu,
373 978 435 1024 qui
465 982 685 1015 cunctorum
719 978 881 1015 docuisti
913 979 1030 1016 corda
1061 979 1223 1025 piorum,

270 1033 457 1072 Efficiens
487 1035 575 1072 illos
606 1035 764 1082 proprio
797 1036 843 1072 de
874 1036 1025 1072 numine
1057 1036 1190 1083 dignos

271 1091 415 1129 Christi
451 1092 673 1139 discipulos,
707 1092 821 1129 hodie
852 1097 904 1139 tu,
937 1093 1108 1139 spiritus,
1141 1094 1223 1139 ipse

266 1149 426 1186 Insolito
457 1150 602 1186 cunctis
633 1149 861 1186 benedicens
892 1160 1047 1186 munere
1078 1147 1250 1200 saecl[is]

169 1206 221 1244 30
268 1205 380 1243 Hunc
408 1205 553 1242 idcirco
586 1206 686 1242 diem
717 1204 843 1244 fecisti
873 1207 954 1242 iure
987 1207 1190 1246 celebrem.

131 1284 247 1325 Opera
272 1287 408 1325 autogr.
433 1283 577 1316 Othloni
602 1284 856 1316 Emmeramen.
885 1295 974 1316 saec.
1005 1283 1053 1316 11.
1107 1285 1192 1317 Clm.
1219 1286 1389 1317 Monacen
1418 1283 1543 1317 14756.
1568 1303 1610 1307 —

40 1329 232 1361 Aufschrift
256 1331 321 1361 wie
347 1329 447 1361 oben.
467 1347 506 1351 —
525 1330 709 1361 Poetische
728 1330 1009 1372 Uinschreibung
1025 1331 1086 1362 der
1104 1331 1279 1372 Sequens:
1306 1328 1435 1364 Sancti
1453 1329 1608 1371 spiritns

41 1372 132 1407 assit
156 1372 260 1406 nobis
285 1373 419 1417 qratia.

472 1475 553 1511 254.
589 1477 648 1519 (7.)
686 1477 834 1512 Versus
860 1476 907 1511 de
937 1476 1000 1511 (lie
1026 1476 1181 1512 iudicii.

271 1548 300 1585 O
332 1559 398 1585 vos
431 1548 684 1594 christicolae,
717 1549 780 1596 qui
810 1549 885 1585 iam
918 1549 1120 1585 remanetis
1152 1549 1191 1586 in
1222 1548 1326 1597 orbe,

328 1605 426 1642 Dum
459 1605 555 1642 bene
585 1605 753 1653 possitis,
786 1606 933 1652 pergite
965 1606 1012 1642 de
1044 1606 1159 1652 vitiis,

272 1662 369 1699 Nam
400 1663 502 1699 valet
534 1662 593 1698 hic
625 1662 742 1698 multa
775 1667 951 1699 constans
987 1663 1109 1699 oratio
1141 1666 1282 1710 vestra,

329 1719 449 1765 Quam
480 1723 568 1755 tunc
600 1730 669 1766 pro
702 1719 821 1755 nihilo
853 1718 1024 1765 proferet
1053 1719 1174 1756 omnis
1206 1719 1329 1766 homo,

201 1778 223 1813 5
272 1775 363 1814 Cum
394 1786 571 1822 suprema
603 1776 683 1812 dies
715 1781 822 1812 actus
854 1776 1081 1812 reseraverit
1113 1787 1256 1822 omnes,

326 1833 380 1870 Et
409 1833 513 1870 Deus
544 1833 783 1879 omnipotens
816 1832 862 1869 de
894 1833 1043 1880 superis
1075 1834 1230 1870 veniens

273 1890 400 1926 Iustos
430 1889 468 1926 in
502 1890 649 1933 dextra,
682 1890 750 1926 sed
781 1901 920 1935 pravos
952 1894 1061 1937 parte
1093 1890 1250 1927 sinistra

331 1947 471 1984 Pastor
500 1951 541 1983 ut
571 1957 616 1983 ex
648 1947 780 1983 hoedis
814 1946 1035 1984 dissociabit
1066 1957 1167 1985 oves.

273 2002 431 2040 Talibus
462 2003 601 2039 intenti
632 2003 759 2040 verbis
791 2004 914 2040 animo
946 2004 1110 2050 sapienti

173 2060 224 2098 10
331 2059 490 2106 Semper
520 2064 694 2105 tractate,
727 2061 827 2106 quod
860 2071 976 2108 genus
1008 2061 1099 2097 estis
1129 2060 1253 2100 Adae.

270 2117 456 2155 Praesens
488 2117 568 2153 vita
599 2116 740 2163 brevis,
773 2118 840 2155 sed
873 2118 946 2153 erit
978 2121 1137 2155 ventura
1168 2118 1358 2165 perennis,

328 2173 475 2220 Nempe
508 2173 640 2210 beatus
672 2174 783 2210 homo
816 2174 977 2220 despicit
1009 2179 1100 2220 apta
1131 2175 1256 2221 modo,

268 2230 462 2268 Aedificat
494 2241 632 2278 mores,
664 2231 713 2267 ad
746 2241 855 2268 veros
887 2232 1010 2268 tendit
1042 2231 1216 2278 honores,

327 2287 437 2336 Nam,
472 2287 573 2334 quod
605 2288 766 2324 mundus
798 2292 910 2326 amat.
945 2288 1014 2324 hoc
1046 2289 1149 2324 velut
1179 2288 1309 2325 umbra
1344 2288 1450 2327 labit.

171 2344 222 2382 15
271 2342 311 2381 Si
343 2355 411 2380 nos
442 2354 487 2380 ex
520 2344 635 2380 variis
665 2345 924 2390 cognoscimus
955 2345 1083 2380 ultima
1120 2345 1250 2391 signis,

328 2401 429 2437 Hinc
461 2401 583 2437 minus
613 2400 755 2437 incauti
787 2401 939 2437 turbine
969 2402 1113 2447 iudicii,

270 2457 365 2493 Eius
397 2457 435 2493 in
465 2468 662 2493 occursum
695 2462 888 2494 teneamus
920 2464 1076 2504 pectora
1107 2469 1267 2506 sursum,

327 2514 380 2552 Ut
410 2514 594 2551 Dominus
627 2515 780 2550 veniens
811 2515 979 2551 inveniat
1011 2515 1158 2562 vigiles,

273 2569 371 2607 Nam
403 2571 459 2607 sol
492 2575 527 2607 et
559 2571 647 2608 luna
679 2571 889 2617 pallescent
920 2572 1002 2618 lege
1032 2572 1101 2608 sub
1132 2584 1220 2620 una,

172 2627 223 2665 20
328 2627 458 2664 Rebus
489 2627 627 2664 abhinc
658 2628 742 2664 finis
777 2628 943 2675 coeperit
975 2639 1057 2665 esse
1089 2629 1195 2668 ciniS.

267 2683 439 2732 Denique
469 2684 523 2720 nil
554 2689 684 2728 restat,
718 2684 801 2729 nisi,
835 2685 935 2730 quod
968 2696 1054 2731 spes
1086 2686 1219 2723 ultima
1249 2689 1432 2735 praestat,

326 2740 434 2786 Quod
466 2741 626 2778 mortale
657 2740 740 2783 fuit,
774 2741 844 2777 hoc
876 2742 1071 2779 moriendo
1103 2742 1191 2789 ruit,

267 2797 321 2834 At
350 2798 498 2834 animae
530 2798 702 2834 meritum
736 2798 921 2835 mercedis
953 2799 1117 2846 percipit
1148 2810 1267 2839 usum.
