1785 3111
144 197 194 232 13.

144 413 195 446 14.

141 627 192 661 15.

139 843 192 878 16.

143 1060 193 1093 17.

142 1275 194 1309 1ὅ.

140 1492 191 1526 19.

138 1706 192 1741 20.

141 1921 194 1955 21.

140 2136 194 2171 22.

141 2351 194 2386 23.

231 200 287 231 Da
313 200 445 237 timere,
470 197 513 228 da
538 197 657 229 videre

276 245 405 275 Lucem
431 253 533 274 verae
558 242 650 281 fidei,

230 290 344 321 Iesum
370 289 556 326 Christum,
582 289 801 321 benedictum

275 335 438 365 Fructum
465 335 597 365 ventris
624 335 729 366 nivei.

236 414 381 445 Tuearis
408 424 461 445 me
486 413 676 455 praeclaris

278 459 427 501 Cingens
453 459 734 497 charismatibus,

233 504 329 536 Orna
352 504 463 543 donis,
491 515 580 546 quae
606 505 765 546 probaris

278 551 371 582 Dare
396 551 514 591 pronis
539 551 725 581 mentibus.

231 629 301 660 Fac
325 639 378 661 me
403 629 534 667 mitem,
559 632 597 660 ut
620 628 770 660 devitem

275 675 377 712 Iram,
403 675 510 711 litem,
539 674 668 713 odium,

228 720 299 751 Fac
323 719 520 758 amandum,
554 721 683 757 mitem,
708 719 886 759 blandum,

276 765 436 803 Gravem,
463 769 613 803 cautum,
640 765 807 796 sobrium.

229 844 529 886 Circumspectum
555 848 589 876 et
613 845 811 886 perfectum,

279 891 428 929 Fortem,
455 894 598 929 rectum,
623 891 799 928 humilem,

230 936 425 968 Patientem
454 939 488 968 et
513 936 726 977 prudentem,

275 981 442 1013 Mundum
468 981 606 1012 flentem
630 982 792 1015 flebilem.

232 1061 385 1096 Castum,
411 1071 535 1102 purum
561 1071 601 1092 ac
627 1066 810 1101 maturum,

275 1106 398 1138 Mundi
424 1106 588 1137 mundum
615 1107 771 1146 maculis,

228 1153 444 1184 Timoratum
471 1155 504 1183 et
528 1155 699 1183 armatum

276 1197 392 1229 Sacris
418 1200 554 1239 patrum
581 1198 720 1239 regulis.

232 1277 391 1309 Clemens
416 1277 493 1308 dele
520 1274 719 1318 parentelae

275 1323 375 1354 Meae
400 1326 524 1354 cuncta
550 1323 692 1361 scelera,

230 1369 300 1400 Des
328 1370 486 1410 cognatis
512 1369 652 1409 pietatis

278 1414 375 1445 Tuae
400 1416 499 1455 grata
524 1415 669 1445 viscera.

231 1493 342 1526 Stella
367 1494 483 1531 maris,
514 1493 676 1534 largiaris

276 1540 364 1570 Meis
390 1540 480 1570 caris
506 1540 667 1581 gratiam,

234 1585 337 1615 Vivis
360 1586 494 1615 cunctis
519 1594 560 1615 ac
586 1584 757 1616 defunctis

277 1629 365 1661 Mihi
392 1630 520 1661 iunctis
545 1631 696 1661 veniam.

230 1709 346 1740 Meum
372 1712 514 1750 patrem,
541 1719 651 1740 meam
677 1713 821 1740 matrem

276 1755 352 1786 Duc
379 1755 415 1785 in
441 1758 574 1796 partem
599 1754 785 1792 dexteram,

229 1800 319 1831 Meis
344 1800 436 1830 notis
462 1800 582 1830 dextra
608 1800 706 1831 fortis

277 1844 409 1876 Subdat
436 1843 592 1883 mortis¹)
616 1846 781 1886 viperam.

233 1923 363 1955 Christi
390 1926 529 1964 praesta
551 1923 651 1954 fortis
676 1923 808 1961 dextra,

276 1969 339 2005 Tu,
367 1968 518 2000 fenestra
545 1967 706 2007 aetheris,

234 2015 330 2054 Quae
356 2016 389 2045 te
415 2013 539 2055 pandis
566 2017 599 2045 et
624 2014 791 2055 expandis

276 2059 486 2091 Liberandis
512 2060 660 2090 miseris.

232 2139 288 2170 Me
312 2142 495 2177 terrenum,
523 2149 576 2170 me
602 2149 747 2180 egenum

278 2185 354 2215 Duc
379 2184 422 2215 ad
448 2184 585 2225 plenum
613 2184 789 2225 gaudium,

230 2230 286 2261 Da
313 2229 422 2261 locari
448 2232 481 2261 et
506 2229 630 2261 laetari

277 2275 318 2306 In
343 2278 435 2306 terra
460 2276 664 2306 viventium.

233 2353 457 2395 Serpentinas
483 2355 519 2384 in
545 2364 598 2385 me
624 2356 741 2395 spinas

277 2400 462 2440 Nunquam
489 2400 583 2430 sinas
609 2410 772 2436 crescere,

231 2444 260 2475 A
286 2454 446 2485 pressura
473 2454 525 2475 me
551 2448 698 2476 ventura

277 2489 342 2521 Pia
366 2500 449 2520 cura
474 2493 598 2531 tegere.

884 85 935 126 47

960 196 1015 230 24.

941 85 965 115 9

941 110 965 125 ..1

958 627 1011 662 26.

962 843 1016 877 27.

957 1059 1012 1094 28.

958 1274 1011 1309 29.

958 1489 1013 1525 30.

957 1706 1011 1740 31.

958 1920 1012 1954 32.

959 2134 1013 2170 33.

957 2351 1010 2385 34.

1053 199 1138 231 Cum
1163 199 1342 230 districtus
1369 202 1402 231 et
1427 200 1578 231 invictus

1096 244 1205 276 Iudex
1231 244 1389 276 Christus
1416 246 1560 283 venerit,

1050 290 1128 321 Vox
1152 291 1295 321 terroris
1322 293 1356 321 et
1380 290 1533 321 horroris

1095 335 1196 367 Cives
1223 335 1318 366 orbis
1344 335 1495 376 fregerit,

1007 439 1014 446 .
1050 415 1149 445 Tunc
1173 414 1309 456 indigni
1335 417 1369 445 et
1394 414 1537 456 maligni

1095 459 1245 491 Flebunt
1270 460 1344 502 igni
1370 460 1501 491 subditi

1050 505 1097 536 Et
1122 505 1277 536 internas
1303 508 1337 536 et
1362 509 1521 537 externas

1095 551 1233 591 Lugent
1257 561 1386 592 poenas
1412 551 1547 592 perditi.

1049 630 1139 667 Heu,
1165 629 1248 670 quid
1272 629 1347 668 feci,
1374 640 1434 661 cur
1459 630 1570 662 obieci

1052 676 1055 677 ⁷
1095 676 1248 706 Mentem
1273 675 1351 706 neci
1376 676 1554 706 nesciam?

1049 720 1139 761 Heu,
1165 720 1249 760 quid
1275 721 1341 762 egi,
1367 730 1427 751 cur
1452 720 1600 763 perfregi

1094 766 1259 797 Normam
1287 766 1349 797 leti
1375 767 1533 797 sociam?

1054 846 1129 884 Quo
1144 849 1226 877 tunc
1239 855 1392 887 pergam,
1411 856 1479 887 quo
1494 856 1547 878 me
1560 848 1706 885 vertam,

1098 892 1208 930 Quem
1233 894 1315 922 tunc
1340 901 1505 932 quaeram
1530 891 1707 923 medium?

1053 938 1128 976 Quo
1155 940 1311 978 patrono,
1338 937 1437 968 cuius
1462 937 1553 968 dono

1096 982 1224 1023 Iungar
1249 982 1353 1013 choro
1381 983 1508 1013 ovium.

1050 1062 1159 1101 Quem
1185 1062 1370 1102 requiram,
1405 1071 1465 1102 per
1490 1071 1591 1103 quem
1619 1062 1707 1093 iram

1094 1107 1231 1138 Possim
1257 1106 1352 1137 illam
1378 1107 1505 1148 fugere,

1049 1153 1116 1184 Per
1140 1162 1242 1193 quem
1267 1152 1382 1183 Iesum
1408 1162 1511 1193 saepe
1537 1153 1670 1183 laesum

1095 1198 1228 1236 Queam
1253 1197 1378 1228 flexum
1403 1197 1569 1230 reddere?

1049 1276 1078 1308 O
1103 1277 1228 1315 Maria,
1253 1276 1338 1307 mihi
1366 1277 1424 1317 pia

1096 1322 1152 1354 Sis
1178 1323 1214 1352 in
1241 1322 1296 1352 die
1322 1322 1474 1359 Domini,

1046 1368 1145 1399 Tunc
1170 1367 1323 1398 adiutrix
1349 1370 1382 1398 et
1407 1366 1623 1404 conductrix,

1091 1412 1195 1444 Modo
1222 1413 1339 1444 nutrix
1368 1412 1528 1443 subveni.

1049 1492 1230 1524 Meliorem
1257 1491 1311 1523 vel
1338 1492 1514 1530 maiorem,

1096 1538 1208 1577 Quam
1233 1547 1325 1568 nunc
1350 1548 1454 1575 orem,
1480 1538 1596 1568 nescio

1050 1583 1122 1614 Nec
1140 1592 1336 1623 personam,
1361 1592 1463 1623 quam
1485 1591 1708 1623 praeponam,

1095 1628 1213 1669 Aeque
1241 1628 1368 1658 bonam
1394 1628 1517 1659 sentio.

1049 1707 1148 1747 Quod
1175 1708 1309 1738 sincero
1335 1706 1437 1738 corde
1462 1716 1602 1748 quaero,

1096 1753 1226 1784 Saltem
1251 1762 1327 1784 sero
1353 1752 1477 1788 tribue,

1048 1799 1240 1831 Intestinae
1264 1808 1318 1829 me
1345 1799 1465 1829 ruinae

1092 1844 1158 1875 Vel
1183 1845 1219 1874 in
1244 1842 1310 1874 fine
1336 1853 1426 1874 erue.

1049 1923 1077 1954 O
1103 1922 1238 1959 decora,
1264 1922 1379 1953 Iesum
1405 1931 1475 1958 ora,

1064 1976 1067 1978 ·
1094 1967 1142 1999 Ut
1167 1968 1204 1998 in
1229 1967 1315 1998 hora
1341 1967 1463 1998 ultima

1048 2013 1158 2044 Reum
1184 2012 1304 2049 salvet,
1332 2023 1432 2043 omne
1458 2012 1560 2050 levet,

1095 2057 1271 2098 Quidquid
1299 2061 1403 2097 pavet
1427 2059 1553 2089 anima.

1050 2138 1105 2168 Da
1130 2137 1194 2167 sim
1220 2140 1344 2175 tecum,
1370 2140 1404 2168 et
1424 2138 1471 2167 sis
1499 2148 1629 2168 mecum

1095 2182 1184 2213 Ante
1210 2191 1358 2223 aequum
1384 2182 1543 2220 iudicem,

1049 2228 1147 2259 Tunc
1172 2227 1344 2259 absconde
1364 2230 1397 2258 et
1422 2227 1567 2259 reconde

1094 2271 1219 2304 Verbis
1247 2272 1389 2314 placans
1414 2273 1597 2304 vindicem.

1049 2352 1104 2384 Sis
1131 2362 1278 2394 persona
1304 2354 1338 2383 et
1362 2355 1519 2383 matrona

1094 2398 1140 2429 Et
1165 2397 1209 2429 da
1236 2398 1327 2429 bona
1353 2398 1491 2432 stantia,

1048 2444 1103 2476 Sis
1129 2443 1262 2474 medela
1287 2446 1320 2474 et
1345 2442 1463 2479 tutela,

1094 2489 1173 2520 Mea
1199 2488 1278 2520 vela
1302 2489 1428 2528 turpia.

595 2566 648 2600 35.
686 2569 742 2599 Me
768 2567 940 2609 impendo,
967 2578 1020 2599 me
1045 2567 1246 2598 commendo

730 2614 808 2645 'ribi
830 2613 953 2652 flendo,
979 2613 1129 2649 domina,

685 2659 740 2689 Me
767 2659 912 2699 dignare
936 2667 1141 2689 conservare

732 2704 841 2735 Caeco
870 2700 953 2735 dare
979 2702 1121 2735 lumina.

237 2817 262 2852 ¹)
297 2816 350 2856 20,
375 2816 397 2849 4
421 2819 544 2850 Mortis
571 2818 696 2850 subdat
722 2819 783 2849 Hs.
810 2835 853 2838 —
