1785 3111
204 195 232 228 7.
270 197 323 228 Da
350 197 508 227 timorem
535 199 568 226 et
591 205 743 226 amorem

314 242 379 272 Dei
405 240 500 279 mihi,
526 241 675 278 domina,

269 287 324 317 Da
349 286 514 317 honorem
541 290 573 317 et
598 285 757 317 decorem

314 331 361 363 Et
386 331 524 363 devinci
550 332 707 362 crimina.

201 407 231 442 8.
268 411 316 442 Te
342 410 525 442 laudantes
551 413 586 442 et
610 413 765 442 amantes

314 456 393 487 Non
418 460 565 497 possunt
588 455 743 495 deficere,

267 501 316 533 Te
341 501 484 532 laudare
510 505 543 532 et
567 511 683 533 amare

315 546 381 578 Est
406 557 481 578 cum
509 547 647 579 Christo
676 548 806 578 vivere.

921 80 1004 121 474

1017 191 1049 225 9.

999 409 1050 443 10.

1086 193 1191 226 Illum
1217 195 1308 237 regis
1334 197 1368 226 et
1396 196 1547 237 protegis

1129 239 1161 271 A
1186 241 1320 271 cunctis
1345 241 1559 279 criminibus,

1086 285 1135 317 Ut
1158 285 1195 316 in
1223 286 1329 317 caelis
1357 296 1417 327 per
1442 289 1475 317 te
1500 285 1584 317 felix

1134 331 1301 362 Laetetur
1325 341 1401 362 cum
1428 331 1575 363 civibus.

1091 411 1193 444 Cives
1219 411 1308 442 caeli
1333 421 1410 442 cum
1435 410 1529 442 fideli

1132 456 1239 488 Plebe
1265 456 1409 487 laudant
1432 457 1591 495 Mariam,

1086 502 1233 533 Matrem
1260 501 1401 540 Christi,
1427 511 1517 543 quae
1542 502 1601 534 dat
1627 503 1690 533 isti

1132 547 1263 578 Mundo
1289 547 1378 578 caeli
1404 547 1562 588 gloriam.

272 625 340 657 Str.
368 623 406 657 11
434 626 504 657 und
532 623 573 657 12
599 626 675 657 sind
703 625 771 658 Str.
796 622 817 657 3
842 625 911 657 und
935 624 958 657 4
982 636 1044 658 aus
1069 625 1263 667 Rhythmus
1289 627 1353 657 ΙΙΙ.

183 691 233 726 13.
272 694 350 725 Lux
375 694 561 733 caelorum,
588 704 666 736 spes
692 694 881 735 lapsorum,

318 740 424 780 Virgo
451 750 583 771 morum
610 741 763 781 praevia,

270 783 298 815 O
326 785 468 816 lucerna
492 786 716 826 sempiterna,

314 831 380 862 Dei
406 830 510 872 plena
534 832 658 872 gratia.

183 908 232 943 14.
270 909 299 941 O
324 910 461 948 deeora,
487 910 572 942 doce
597 920 668 947 ora,

316 956 411 987 Doce
436 955 540 987 corda
566 956 695 993 nescia,

270 997 345 1032 Nec
371 1002 417 1032 sit
443 1001 525 1032 vilis
552 1001 636 1032 haec
661 1001 793 1032 textilis

315 1047 386 1077 Mei
412 1047 482 1078 oris
508 1046 634 1078 hostia.

225 1150 232 1158 .
270 1127 337 1158 His
363 1126 524 1167 loqueliS,
550 1125 604 1156 his
630 1124 781 1167 querelis

316 1172 425 1203 Aures
453 1171 541 1202 velis
567 1171 714 1209 flectere,

270 1217 317 1249 Et
342 1217 501 1248 affectum
527 1220 560 1247 et
585 1219 761 1258 aspectum

316 1263 368 1294 Ad
395 1273 457 1293 nos
484 1266 614 1294 rectum
641 1262 777 1294 ducere.

182 1340 234 1374 16.
272 1343 499 1375 Columbinos
525 1345 559 1373 et
584 1342 752 1383 benignos

317 1388 476 1419 Flectens
503 1388 545 1419 ad
571 1398 633 1418 nos
660 1387 790 1426 oculos,

271 1434 367 1465 Tuae
392 1433 488 1464 laudi
515 1434 624 1464 laetos
650 1432 742 1471 audi,

319 1480 391 1511 Nos
416 1479 551 1510 custodi
578 1478 727 1509 sedulos.

184 1557 234 1589 17.
262 1558 414 1589 Primum
440 1558 578 1599 quidem
605 1568 700 1599 spem
727 1561 760 1589 et
784 1557 884 1589 fidem

311 1598 387 1635 'Des
414 1606 448 1635 et
473 1604 562 1634 idem
590 1613 722 1644 sapere,

273 1649 340 1691 Spe
366 1659 530 1690 pugnare,
557 1648 621 1679 fide
648 1652 748 1684 stare,

319 1696 474 1726 Caritate
499 1705 645 1725 currere.

228 1797 235 1804 .
272 1774 324 1805 Ab
351 1774 472 1814 ignitis
498 1784 551 1805 me
577 1774 726 1815 sagittis,

319 1820 425 1860 Virgo
453 1820 558 1853 mitis,
585 1820 706 1855 exime,

274 1864 303 1894 A
329 1865 460 1895 catenis
487 1868 520 1895 et
544 1864 699 1901 venenis,

320 1910 428 1950 Virgo
455 1909 552 1948 lenis,
580 1919 671 1940 erue.

185 1986 236 2021 19.
275 1988 420 2020 Efficaci
446 1995 480 2020 et
503 1989 619 2020 veraci

319 2034 427 2075 Cinge
449 2035 628 2075 patientia,

273 2079 302 2110 A
328 2090 363 2110 re
390 2089 498 2120 prava
522 2089 646 2119 corpus
672 2079 763 2118 lava,

323 2124 389 2155 Cor
414 2125 456 2156 ab
483 2125 643 2155 avaritia.

183 2202 236 2237 20.
276 2205 390 2236 Mater
414 2205 506 2245 agni,
533 2205 623 2245 regis
649 2203 777 2245 magni,

317 2249 499 2290 Templum
524 2250 635 2280 sancti
662 2249 815 2290 spiritus,

274 2295 344 2326 Fac
370 2295 490 2336 perire,
517 2305 586 2325 non
612 2296 739 2326 sentire

322 2336 362 2370 In
387 2350 441 2370 me
466 2340 538 2370 irae
563 2340 727 2371 fremitus

184 2415 236 2449 21.

272 2419 338 2457 Da,
366 2420 565 2460 succingam
592 2423 625 2450 et
650 2420 855 2461 restringam

320 2465 431 2495 Frono
458 2464 611 2505 linguam
639 2466 768 2503 intime,

277 2509 493 2550 Impudicam
521 2513 554 2541 et
582 2511 738 2552 iniquam

321 2554 465 2585 Carnem
492 2555 632 2596 iungam
657 2556 802 2587 animae.

184 2631 237 2665 22.

274 2633 304 2664 A
331 2633 505 2664 mundana
530 2634 584 2664 vel
612 2634 763 2665 humana

320 2679 432 2716 Peste,
458 2688 550 2709 vana
573 2679 698 2719 gloria,

275 2725 331 2756 Me
357 2723 499 2755 defende
525 2728 558 2755 et
583 2725 731 2763 intende,

322 2769 373 2800 Ne
400 2770 445 2799 sit
470 2770 574 2800 menti
601 2771 714 2800 noxia.

998 690 1051 725 23.

995 907 1050 942 24.

997 1123 1050 1156 25.

1000 1339 1054 1373 26.

999 1554 1052 1588 27.

1001 1770 1055 1804 28.

999 1980 1052 2019 29.

1000 2199 1055 2235 30.

1001 2416 1055 2451 31.

1002 2630 1055 2665 32.

1087 694 1279 726 Benedicta
1305 696 1379 726 eius
1404 695 1477 725 vita

1135 740 1217 771 Fuit
1241 741 1290 770 ita
1318 741 1446 777 sobria,

1089 786 1137 817 Ut
1161 786 1301 816 virtutis
1327 789 1361 817 et
1385 786 1509 817 salutis

1133 831 1239 862 Esset
1263 832 1397 862 cunctis
1424 832 1576 872 praevia.

1088 910 1264 942 Generosa
1290 914 1324 941 et
1349 911 1500 942 formosa

1131 956 1239 997 Virgo
1267 966 1345 987 rosa
1370 956 1554 995 Nazareth,

1088 1002 1186 1042 Roga
1210 1004 1341 1039 natum,
1368 1005 1406 1032 ut
1431 1002 1570 1033 beatum

1131 1047 1241 1078 Nobis
1268 1050 1395 1078 statum
1422 1050 1569 1088 reparet.

1089 1125 1160 1157 Nos
1185 1126 1352 1167 guberna,
1380 1126 1438 1157 lux
1465 1136 1629 1167 superna,

1134 1171 1287 1212 Lampas
1312 1172 1417 1212 plena
1441 1171 1588 1210 Iericho,

1088 1217 1321 1258 Impinguata,
1348 1217 1525 1248 illustrata

1135 1262 1284 1293 Lumine
1311 1261 1502 1303 seraphico.

1091 1341 1119 1372 O
1145 1342 1270 1379 Maria,
1296 1341 1480 1383 prophetia

1136 1386 1165 1417 A
1191 1390 1224 1418 te
1249 1387 1342 1418 dicta
1366 1388 1509 1429 geritur,

1091 1432 1156 1464 Est
1181 1436 1356 1474 prostrata
1380 1442 1464 1473 gens
1491 1433 1594 1471 elata,

1135 1478 1275 1519 Pauper
1300 1481 1402 1509 aucta
1427 1479 1587 1510 cernitur.

1093 1557 1212 1589 Fidem
1238 1567 1336 1599 auge,
1364 1557 1498 1589 hostem
1523 1568 1647 1599 punge,

1135 1603 1270 1644 Regina
1294 1603 1494 1640 Ierusalem,

1090 1648 1205 1679 David
1231 1657 1381 1689 germen,
1407 1648 1512 1679 Iacob
1538 1658 1671 1686 semen,

1132 1694 1264 1724 Vivens
1289 1693 1406 1724 lumen
1430 1693 1645 1725 Bethlehem.

1095 1773 1180 1805 Sion
1207 1774 1322 1809 turris,
1349 1783 1436 1813 quae
1463 1774 1626 1811 occurris,

1138 1819 1262 1849 Iuncta
1286 1820 1393 1849 muris
1418 1819 1538 1855 Israel,

1094 1864 1158 1895 Cui
1184 1862 1221 1894 fit
1247 1863 1370 1905 dignus
1396 1866 1499 1905 atque
1525 1863 1627 1895 divus

1141 1908 1407 1950 Paranymphus
1433 1909 1584 1941 Gabriel.

1091 1988 1163 2019 Nos
1190 1989 1322 2019 sincere
1348 1991 1520 2027 contuere,

1137 2033 1246 2074 Virgo
1273 2035 1508 2071 serenissima,

1092 2078 1160 2117 Qui
1186 2078 1374 2116 turbamur,
1402 2079 1631 2117 confutamur,

1137 2123 1255 2154 Veluti
1282 2125 1481 2165 peripsima.

1093 2203 1178 2242 Quis
1204 2212 1356 2241 narrare,
1383 2204 1460 2244 quis
1487 2213 1632 2244 pensare

1136 2248 1260 2279 Posset
1284 2247 1402 2279 dotum
1428 2247 1560 2285 titulos,

1091 2293 1224 2332 Quibus
1250 2293 1343 2324 culta
1369 2297 1402 2324 et
1427 2293 1568 2324 suffulta

1135 2339 1264 2380 Fulges
1289 2338 1381 2370 ultra
1406 2339 1559 2379 angelos

1095 2418 1124 2450 O
1148 2419 1273 2457 Maria,
1299 2429 1398 2459 prece
1423 2419 1481 2459 pia

1140 2463 1251 2495 Nobis
1276 2464 1326 2495 fer
1354 2463 1534 2501 auxilium,

1092 2509 1199 2541 Cuius
1225 2518 1350 2539 nomen
1378 2512 1430 2539 est
1454 2508 1607 2540 solamen

1137 2554 1276 2585 Miseris
1302 2557 1335 2585 et
1359 2553 1535 2595 gaudium.

1097 2633 1231 2665 Nomen
1253 2636 1419 2669 sanctum,
1442 2641 1503 2673 per
1523 2633 1613 2674 quod
1630 2632 1751 2673 plano·

1410 2681 1480 2708 tum

1137 2723 1325 2754 Aeternum
1352 2723 1537 2761 evasimus,

1092 2769 1227 2800 Nomen
1253 2768 1391 2806 bonum,
1418 2778 1478 2809 per
1503 2768 1594 2810 quod
1619 2768 1747 2800 donum

1139 2813 1271 2846 Salutis
1297 2815 1504 2855 accepimus
