1785 3111
94 185 160 225 31.
207 184 339 222 Tuos
370 194 473 222 amas
505 186 542 220 et
573 183 753 230 protegis,

262 241 362 287 Quos
393 240 451 278 vis
483 239 554 276 tibi
586 238 778 287 famulari,

208 298 266 335 Tu
295 296 466 335 Palladis
497 294 609 333 fortis
641 296 756 345 aegis,

265 353 397 400 Stella,
428 356 561 400 portus
582 353 654 390 hoc
674 352 713 389 in
735 352 844 397 mari,

263 411 414 448 Ducens
445 409 527 447 Deo
558 409 728 458 salutari,

204 468 304 514 Quos
335 465 515 504 confoves
545 471 659 513 atque
690 466 812 514 regis3

264 525 344 561 Fac
373 534 442 560 nos
463 523 502 559 in
531 526 569 559 te
591 522 843 569 contemplari

207 579 258 617 Et
289 580 328 618 in
358 580 503 618 vultum
534 580 668 616 summi
700 579 813 626 regis.

209 782 581 822 Misericorcles
613 793 678 820 vos
710 782 800 818 estis

268 840 390 888 Super
413 840 558 876 cunctis
576 838 822 887 peccantibus
837 849 846 887 3

205 896 369 944 Eripite,
401 907 494 943 quos
524 895 697 943 potestis,

263 953 322 991 De
350 951 560 990 inferorum
593 951 789 999 domibus,

262 1010 404 1047 Procul
430 1020 452 1046 a
482 1009 622 1047 nostris
651 1008 842 1045 mentibus

209 1067 381 1104 Pellatur
412 1066 608 1113 culparum
639 1065 772 1112 pestis,

264 1122 318 1161 Ut
357 1123 511 1160 tandem
549 1123 588 1159 in
620 1122 847 1159 caelestibus

209 1179 440 1217 Immortalis
473 1180 584 1216 detur
616 1179 745 1217 vestis.

96 785 162 823 32.

99 1329 165 1368 33.
211 1327 395 1365 Oculos
428 1324 506 1363 fers
538 1324 771 1362 columbinos

273 1383 472 1420 Lustratos
504 1383 644 1420 lumine
675 1393 783 1429 puro,

212 1442 292 1478 Hos
323 1438 444 1487 defige
474 1440 512 1476 in
543 1450 610 1476 nos
642 1439 762 1487 binos,

273 1497 345 1543 Qui
376 1497 566 1543 quatimur
596 1495 682 1543 iugo
712 1495 826 1543 duro,

273 1553 383 1592 Assis
414 1552 524 1590 nobis
555 1553 617 1589 hic
648 1563 719 1599 pro
747 1562 853 1589 muro

216 1611 380 1649 servans
398 1613 548 1646 nostros
560 1619 692 1646 sensus
705 1609 850 1659 quinos,

272 1666 331 1704 Ne
362 1667 560 1704 volvamur
589 1666 628 1702 in
659 1666 819 1703 obscuro

218 1724 326 1761 Intra
355 1724 523 1770 gurgites
553 1722 732 1760 marinos.

102 1861 169 1899 34.
213 1859 286 1897 Ad
316 1858 442 1897 vivum
474 1856 622 1896 fontem
653 1858 786 1895 sitiunt

265 1915 374 1953 Fessi
403 1915 445 1952 in
476 1915 693 1965 solitudine,

214 1972 412 2011 Accedere
441 1972 509 2009 sed
540 1972 714 2008 nesciunt

266 2029 448 2066 Hebetati
479 2027 696 2075 formidine,

263 2085 403 2124 Mortis
434 2085 700 2130 amaritudine,

206 2143 325 2190 Quam
355 2142 513 2180 horrent
542 2153 587 2180 ac
617 2140 832 2189 refugiunt3

267 2199 349 2237 Hos
379 2199 465 2237 leva
497 2199 544 2236 de
574 2199 778 2246 putredine

210 2256 414 2305 Malorum,
447 2266 543 2302 quae
572 2254 756 2293 inficiunt.

99 2393 163 2430 35.
208 2390 306 2427 Nos
337 2391 511 2428 concives
543 2390 761 2427 caelestium

270 2448 344 2486 Cor
365 2447 540 2495 gerimus,
573 2447 674 2493 quod
705 2447 846 2495 esurit,

210 2503 296 2542 Una
328 2504 500 2541 voluntas
531 2503 707 2553 omnium,

268 2561 371 2607 Quae
406 2561 579 2607 concepit
611 2564 648 2597 et
679 2560 846 2607 parturit

267 2618 441 2665 Foetum,
457 2627 503 2654 ex
515 2628 587 2664 quo
602 2617 759 2654 daemon
772 2615 863 2654 furit

209 2674 451 2721 Mundusque
493 2678 618 2712 movet
648 2673 847 2723 proelium,

269 2730 525 2768 Adversatrix
557 2741 644 2767 caro
673 2730 771 2780 urit3

211 2786 424 2835 Exstingue
454 2786 625 2825 flammas
655 2787 791 2827 litium.

835 68 916 109 655

917 184 984 221 36.
1031 182 1286 221 Converte
1315 191 1384 218 nos
1414 187 1548 228 potens
1578 181 1665 229 cito,

1086 238 1197 285 Nam,
1240 237 1328 275 dum
1359 238 1476 286 voles,
1510 247 1666 274 conver-

1392 297 1537 344 temur3

1028 352 1134 389 Haec
1156 361 1242 398 spes
1263 354 1395 388 nostra
1414 351 1453 388 in
1471 355 1520 400 te,
1544 351 1665 398 scit03

1083 410 1176 457 Age,
1212 417 1258 444 ne
1288 407 1400 444 malis
1430 418 1643 455 gravemur,

1084 465 1145 502 Ab
1176 463 1347 501 hostibus
1376 464 1624 513 deterremur,

1027 520 1256 559 Deficiemus
1287 520 1412 558 subito

1087 577 1353 616 Contremiscit
1373 578 1523 624 iamque
1545 575 1667 614 femur

1080 635 1187 672 Dono
1219 635 1363 681 gratiae
1394 634 1532 683 sopito.

922 783 986 822 37.
1033 782 1093 819 Et
1123 781 1210 818 ideo
1240 782 1392 818 iamiam
1421 785 1544 818 terras

1091 838 1253 875 Miseras
1285 841 1433 874 nostras
1464 837 1605 884 aspice,

1031 895 1061 933 Ο
1096 894 1292 944 directrix,
1323 904 1418 941 quae
1449 905 1523 930 non
1551 904 1668 940 erras,

1088 951 1322 998 Hostemque
1352 954 1522 988 nostrum
1551 951 1669 1000 deice,

1089 1008 1169 1045 Nos
1200 1008 1325 1045 solare
1355 1006 1565 1056 magnifice,

1033 1065 1130 1102 Nam
1166 1065 1333 1111 patimur
1361 1064 1465 1112 iuges
1497 1075 1665 1113 guerras,

1089 1121 1224 1158 Fortes
1255 1121 1293 1157 in
1325 1121 1426 1158 bello
1458 1120 1578 1167 effice,

1033 1178 1187 1216 Gloriae
1218 1178 1426 1224 impetrans
1458 1178 1604 1215 arrhas,

922 1326 988 1364 38.
1036 1326 1199 1363 Iesum
1239 1324 1347 1361 nobis
1389 1323 1450 1362 fac
1481 1325 1672 1372 placatum

1090 1382 1309 1428 Antequam
1340 1381 1389 1418 sit
1419 1381 1638 1428 peccamine

1034 1438 1180 1484 Corpus
1212 1437 1342 1475 fomite
1374 1437 1578 1484 foedatum,

1091 1497 1170 1542 Quo
1201 1500 1456 1542 aggravantur
1486 1495 1648 1541 animae,

1093 1552 1304 1598 Mortisque
1335 1552 1374 1588 in
1405 1552 1577 1588 examine

1037 1608 1250 1646 Sentiamus
1280 1608 1371 1645 laeti
1401 1613 1561 1655 gratum,

1094 1666 1164 1710 Qui
1196 1666 1319 1702 crucis
1349 1665 1387 1702 in
1420 1665 1625 1702 certamine

1036 1722 1163 1759 Piavit
1193 1726 1362 1759 nostrum
1393 1728 1552 1760 reatum.

923 1859 988 1897 39.
1034 1858 1368 1896 Benedictum
1400 1857 1640 1902 salvatorem,

1091 1914 1211 1952 Nobis
1244 1914 1373 1951 datum
1399 1925 1469 1962 pro
1491 1914 1670 1960 peccatis,

1034 1973 1240 2020 Praecave,
1272 1975 1313 2008 ut
1343 1971 1462 2007 stillet
1493 1981 1615 2007 rorem

1089 2029 1165 2066 Hic
1197 2028 1244 2065 de
1276 2026 1380 2065 fonte
1411 2028 1587 2074 pietatis;

1090 2087 1180 2133 Vos,
1213 2084 1325 2121 rivuli
1356 2083 1555 2129 ubertatis,

1028 2141 1196 2178 Fundite
1226 2141 1265 2177 in
1296 2151 1363 2177 nos
1394 2140 1593 2186 liquorem,

1085 2197 1139 2235 Ut
1174 2208 1245 2246 per
1286 2208 1352 2234 vos
1390 2198 1512 2243 potati
1552 2196 1670 2242 gratis

1027 2254 1169 2300 Culpae
1201 2254 1361 2291 vitemus
1392 2253 1581 2292 ardorem.

918 2392 985 2429 40.
1032 2389 1063 2427 F
1076 2401 1130 2427 ru
1143 2393 1187 2426 ct
1201 2400 1272 2426 um
1291 2389 1391 2438 date,
1409 2400 1481 2436 quo
1499 2387 1669 2426 fruamur

1088 2446 1211 2484 Gustu
1242 2446 1321 2483 eius
1354 2456 1437 2483 cum
1469 2457 1618 2494 sapore,

1033 2504 1076 2540 In
1108 2514 1174 2541 vos
1205 2513 1334 2540 amore
1364 2502 1561 2540 trahamur

1089 2559 1266 2607 Sugendo
1297 2560 1412 2597 corde
1441 2564 1477 2596 et
1508 2570 1592 2607 are;

1094 2617 1211 2662 Quam
1244 2617 1450 2653 clementer
1480 2617 1543 2662 pio
1566 2626 1670 2653 more

1034 2673 1113 2711 Nos
1145 2674 1318 2723 servatis,
1351 2683 1398 2709 ne
1428 2672 1637 2719 laedamur,

1092 2730 1146 2768 Ut
1177 2730 1281 2767 ducti
1312 2733 1438 2767 vestro
1471 2729 1638 2775 dulcore,

1034 2787 1110 2825 Ubi
1141 2787 1244 2832 estis,
1277 2797 1343 2823 vos
1374 2787 1595 2832 sequamur!
