1785 3111
693 63 1001 103 —245—

116 179 187 216 6a.
236 178 290 217 Ut
320 177 432 215 matri
465 177 684 216 coniunctos
938 179 1013 217 6b.
1061 179 1120 216 Ac
1150 178 1255 225 pacis
1287 182 1464 217 aeternae

238 234 446 273 catholicae
1057 236 1277 273 consocians

236 291 475 338 omnipotens
1055 293 1211 330 visionis

234 346 331 385 filios
362 346 478 385 faciat
507 348 546 384 in
1057 349 1225 386 coetibus
1255 348 1437 396 angelicis

228 404 468 441 Hierusalem
1058 406 1265 444 coheredes

229 461 330 498 celsa
360 461 544 498 iucundos
1057 474 1140 500 esse
1167 463 1324 502 tribuat.

115 542 183 579 7a.
229 540 352 578 Amen
385 545 422 577 et
452 543 588 589 Amen,
937 542 1009 580 7b.
1055 543 1144 580 Fiat
1175 547 1212 579 et
1238 542 1316 580 fiat.

113 621 185 660 Sa.
232 621 262 659 O
295 621 429 666 sancti,
935 622 1007 661 81).
1056 622 1232 659 Salvator

228 677 322 714 haec
354 678 485 714 domus
1051 679 1123 715 hoc
1153 679 1261 716 nobis

229 745 387 781 quorum
413 739 519 772 artus
552 735 731 785 continet,
1052 736 1231 782 precibus
1262 736 1400 772 vestris
1433 736 1558 783 donet,

111 815 183 851 9a.
229 815 336 860 Quod
367 815 482 851 nullis
517 815 663 852 meritis
933 815 1008 854 eb.
1055 817 1108 855 Ut
1140 819 1232 862 puta
1263 816 1327 862 qui
1357 819 1459 852 terra

228 872 470 918 cognovimus
750 894 752 896 v
1049 883 1176 909 sumus
1208 877 1320 919 atque

225 938 292 964 nos
323 928 461 964 mereri
492 928 672 978 propriis,
1052 930 1251 967 tabescens
1284 929 1390 969 cinis,

147 1018 249 1058 Trop.
283 1027 344 1048 ms.
372 1018 602 1060 Sangallense
637 1028 726 1050 saec.
755 1017 807 1051 10.
857 1020 940 1051 Cod.
968 1020 1169 1063 Sangallen.
1203 1017 1279 1051 381.
1314 1019 1390 1050 add.
1426 1030 1515 1051 saec.
1545 1018 1631 1051 ¹2l13.

55 1062 96 1094 A.
121 1082 164 1085 —
193 1064 295 1104 Trop.
323 1073 385 1094 nis.
412 1063 643 1105 Sangallense
675 1074 764 1096 saec.
803 1062 854 1097 10.
913 1066 996 1098 Cod.
1031 1066 1232 1107 Sangallen.
1267 1062 1345 1097 378.
1380 1066 1419 1096 B.
1450 1083 1493 1086 μ
1526 1066 1631 1107 Trop.

54 1119 116 1139 ms.
144 1108 372 1150 Sangallense
399 1119 488 1140 saec.
516 1107 567 1140 10.
618 1110 702 1142 Cod.
729 1111 929 1152 Sangallen.
955 1109 1032 1143 380.
1059 1112 1097 1143 C.
1114 1130 1159 1134 —-
1184 1112 1286 1152 Trop.
1313 1121 1376 1143 ms,
1403 1110 1631 1153 Sangallense

54 1163 143 1185 saec.
172 1152 258 1185 ¹0l11.
301 1154 382 1186 Cod.
412 1154 611 1196 Sangallen.
642 1153 720 1187 38⁴2.
746 1157 789 1187 D.
824 1174 866 1178 —
900 1157 1005 1198 Trop.
1034 1168 1096 1188 ms.
1125 1157 1354 1198 Sangallense
1381 1167 1469 1188 saec.
1499 1156 1549 1188 11.
1584 1158 1630 1188 in.

55 1199 139 1231 Cod.
167 1199 366 1241 Sangallen.
393 1197 470 1232 376.
496 1200 538 1232 Ε.
558 1218 603 1222 —
628 1202 707 1243 Seq.
734 1212 796 1233 ms.
815 1202 1044 1244 Sangallense
1070 1204 1154 1234 anni
1182 1200 1278 1234 1507.
1320 1202 1403 1234 Cod.
1430 1203 1630 1245 Sangallen.

51 1244 233 1285 (Brander)
267 1243 343 1276 546.
370 1247 407 1277 F.
446 1264 486 1267 —
525 1247 630 1288 Trop.
663 1258 725 1279 ms.
758 1248 941 1280 Mindense
967 1250 1049 1279 anni
1080 1246 1176 1279 1024.
1214 1248 1297 1279 eod.
1324 1249 1523 1280 Berolinen.
1550 1250 1630 1280 1V.0

54 1288 105 1321 11.
127 1291 168 1323 G.
186 1308 229 1312 —
254 1292 353 1322 Miss.
383 1302 446 1323 me.
472 1293 704 1325 Murbacense
730 1304 820 1325 saec.
851 1291 899 1325 13.
951 1294 1034 1325 Cod.
1061 1294 1271 1325 Colmarien.
1297 1292 1374 1326 444.
1402 1295 1444 1325 H.
1535 1315 1539 1329 .

145 1334 208 1376 3b,
235 1334 256 1368 3
281 1337 366 1368 facit
391 1338 437 1369 H.
465 1355 507 1358 —
533 1336 596 1376 81),
623 1336 644 1370 3
669 1340 800 1370 nostris
825 1339 999 1371 ABCEH.
1025 1357 1068 1360 —
1094 1337 1114 1371 9
1140 1350 1171 1378 a,
1197 1337 1217 1371 3
1243 1350 1317 1381 sqq.
1344 1339 1459 1371 felilen
1485 1342 1523 1371 Β.

373 1482 454 1518 185.
491 1483 548 1525 (2.)
587 1484 736 1520 Versus
762 1485 812 1520 ad
837 1494 973 1528 regem
1003 1485 1313 1529 suscipiendum.

288 1578 371 1615 Rex
405 1578 617 1628 benedicte,
651 1579 748 1623 veni,
782 1579 907 1616 visens
940 1580 1158 1617 habitacula
1190 1580 1305 1628 Galli,

345 1635 491 1672 Otmari
520 1637 630 1672 tectis
662 1636 885 1683 accipiende
917 1637 1049 1675 sacris.

289 1691 398 1729 Istud
431 1696 647 1729 sanctorum
681 1694 875 1730 concludit
906 1694 1011 1731 milia
1042 1694 1237 1742 templum,

343 1750 461 1795 Quam
495 1749 648 1786 subiens
679 1751 813 1787 aedem
843 1751 1054 1799 experiaris
1085 1761 1208 1797 opem.

233 1808 254 1844 5
288 1805 434 1852 Iugiter
463 1806 538 1843 ista
569 1807 646 1843 suis
678 1811 716 1844 te
747 1812 873 1845 servet
904 1808 1015 1844 turba
1047 1808 1116 1844 sub
1148 1808 1231 1855 alis,

345 1862 459 1900 Cuius
490 1863 670 1911 reliquias
702 1864 795 1901 haec
826 1868 931 1901 tenet
962 1865 1048 1902 aula
1079 1865 1174 1912 pias.

290 1918 454 1957 Francia
484 1924 522 1957 te
551 1922 697 1969 Suevis,
730 1933 750 1958 0
783 1932 862 1969 rex,
897 1922 1038 1959 direxit
1068 1922 1229 1971 alendis,

343 1977 424 2013 Iani
455 1988 620 2023 pecuare
650 1981 754 2015 tuum
786 1990 900 2025 pasce
933 1979 997 2016 diu
1029 1979 1196 2019 viduum.

286 2032 449 2070 Noricus
481 2039 519 2070 et
551 2035 721 2083 SclavuS,
756 2036 958 2083 BemanUS,
992 2036 1105 2083 Saxo,
1138 2036 1325 2083 Toringus

205 2089 255 2127 10
346 2089 470 2127 Corde
502 2096 655 2128 manent
685 2093 805 2129 alacri
835 2098 872 2129 te
905 2093 1122 2130 dominante
1153 2093 1221 2132 tui.

286 2146 478 2185 Occiduae
509 2152 651 2197 gentes,
685 2149 886 2198 Hispania,
920 2150 1047 2187 Gallia
1077 2150 1219 2196 triplex

344 2203 392 2241 Se
423 2205 601 2242 studeant
633 2217 798 2252 propere
827 2207 896 2243 sub
928 2211 993 2243 tua
1024 2211 1176 2253 sceptra
1208 2208 1312 2246 dare.

287 2261 423 2298 Italiae
453 2263 617 2308 populus
649 2263 800 2300 diverso
832 2266 1013 2310 sanguine
1046 2265 1185 2300 mixtus

342 2318 405 2355 Ad
436 2323 474 2356 te
504 2319 706 2365 pigmentis
737 2320 980 2367 palliolisque
1011 2325 1109 2359 ruat.

203 2374 253 2411 15
287 2373 426 2421 EbruS,
460 2375 740 2424 Thermoodon,
773 2377 915 2423 Thrax,
948 2377 1112 2424 Nuchul,
1147 2376 1344 2422 Bosforus,
1381 2376 1500 2415 Ufens

345 2431 503 2468 Sumant
534 2433 699 2469 maxillis
728 2434 801 2470 iam
834 2438 898 2471 tua
930 2433 1039 2470 frena
1071 2435 1159 2471 suis.

284 2487 367 2524 Hos
397 2489 499 2525 inter
529 2490 690 2536 populos
721 2490 843 2527 nostri
873 2491 1065 2536 miserere,
1101 2491 1337 2539 monarchos,

344 2544 603 2583 Commonitus
634 2546 711 2583 fido
741 2559 764 2584 a
795 2547 994 2584 Salomone
1026 2553 1101 2584 tuo.

282 2600 373 2638 Fias
405 2603 579 2648 placatus
611 2603 719 2640 nobis
751 2615 979 2651 maneasque
1010 2606 1199 2648 misertus,

199 2658 251 2695 20
340 2660 440 2705 Quos
469 2660 585 2706 stirps
618 2660 832 2698 Scottorum
866 2662 985 2698 suasit
1014 2662 1053 2698 in
1084 2662 1182 2699 hanc
1213 2672 1391 2701 eremum.

140 2757 244 2799 Trop.
280 2769 342 2789 ms.
370 2759 600 2800 Sangallense
627 2770 716 2792 saec.
745 2758 796 2792 10.
845 2760 927 2793 Cod.
954 2762 1155 2804 Sangallen.
1182 2759 1260 2794 381.
1285 2780 1328 2784 ——
1356 2761 1396 2795 10
1422 2763 1621 2794 dominante

50 2803 113 2833 sui.
140 2819 184 2823 —
211 2804 316 2844 „Item
343 2804 629 2837 Wald'rammi
656 2806 697 2838 de
724 2816 791 2847 quo
818 2804 956 2849 supra“.
