1785 3111
394 455 414 490 CJ!

738 88 793 92 —
853 64 934 104 202
994 87 1049 91 —

478 181 649 217 Piscator
680 178 804 217 fuerat
835 180 971 216 Petrus
1003 182 1040 215 et
1069 179 1258 226 Andreas,

478 237 566 273 Post
598 235 707 274 ambo
739 236 893 282 rapiunt
924 235 1027 271 orbis
1059 239 1096 272 et
1126 235 1288 282 agmina,

537 293 699 330 Vastant
729 303 895 339 aequora
922 291 1053 328 mundi

592 350 654 388 Ad
686 359 802 396 regna
832 353 945 395 atque
975 348 1128 385 trahunt
1161 348 1252 394 poli.

480 451 648 489 Laudem
683 451 755 488 rite
788 450 908 487 crucis
940 448 1093 487 fortiter
1123 453 1318 496 expetunt,

477 509 575 545 Dum
608 507 750 545 Christi
784 507 972 553 crepitant
1005 506 1052 543 de
1082 516 1193 543 cruce
1224 506 1396 553 gloriam,

535 565 638 602 Caeli
669 575 785 611 regna
815 567 1032 610 capescunt,

591 622 720 659 Vitam
754 621 799 658 de
831 631 941 658 cruce
972 619 1167 666 colligunt.

480 722 655 760 Andreas
687 722 815 769 utique
848 720 1084 768 conspiciens
1117 729 1266 757 crucem

480 780 681 817 Exclamat
712 778 836 815 subito
868 778 997 815 taliter
1027 778 1226 814 intonans:

539 836 662 884 Salve,
697 840 827 872 sancte
857 834 1084 880 triumphus,

596 892 738 930 Christi
768 896 974 939 perpetuus
1006 890 1138 930 honor.

429 1022 436 1030 .
485 995 549 1032 Me
579 1005 678 1031 nunc
709 999 750 1030 tu
781 992 963 1030 famulum
995 993 1144 1038 suscipe
1177 1001 1369 1039 cernuum,

485 1054 586 1096 Quae
620 1051 761 1088 dudum
793 1050 995 1087 Dominum
1027 1049 1218 1086 extuleras
1250 1048 1367 1094 pium,

541 1108 598 1144 Tu
629 1118 728 1144 nunc
760 1107 880 1144 redde
911 1107 1104 1153 magistro,

599 1165 703 1210 Quae
733 1175 792 1200 me
824 1163 1058 1210 exquisieras
1089 1162 1184 1200 Deo.

432 1296 440 1303 .
487 1266 609 1304 Huius
640 1276 707 1302 nos
739 1265 930 1312 precibus,
964 1263 1126 1311 Christe,
1158 1263 1339 1309 piissimis

487 1322 668 1377 Absolve,
702 1323 878 1369 petimus,
906 1321 990 1368 ipse
1024 1320 1205 1366 reatibus,

549 1380 639 1416 Luci
670 1380 780 1416 trade
812 1378 1042 1424 redemptos,

602 1437 774 1484 Purgans
805 1435 986 1481 sanguine
1014 1434 1159 1472 noxios

487 1539 547 1576 Da
579 1542 741 1575 mentem
775 1537 942 1574 sobriam
972 1536 1027 1572 sic
1059 1536 1158 1582 regis
1190 1536 1389 1582 advenam,

489 1595 549 1632 Da
579 1599 723 1632 stamen
757 1594 882 1641 operis
917 1594 963 1630 de
995 1591 1077 1630 fece
1109 1593 1291 1640 corporis,

547 1653 664 1697 Intus,
698 1650 803 1700 foris,
836 1650 975 1696 ubique

605 1709 663 1745 Tu
693 1718 773 1752 nos,
808 1707 951 1753 inclite,
985 1710 1154 1753 protege.

382 1813 443 1849 10.
490 1811 650 1847 Praesta
680 1809 763 1855 hoc,
797 1809 945 1855 genitor
975 1808 1116 1854 optime
1146 1808 1321 1855 maxime,

494 1868 578 1905 Hoc
609 1872 662 1914 tu,
694 1870 781 1903 nate
812 1865 896 1910 Dei,
930 1870 965 1901 et
997 1865 1094 1902 bone
1125 1865 1296 1912 spiritus,

553 1924 729 1969 Regnans
761 1923 861 1959 solus
892 1923 931 1959 in
962 1932 1049 1958 arce

608 1981 680 2017 Per
711 1983 846 2016 cuncta
876 1979 938 2025 pie
969 1979 1131 2016 saecula.

231 2083 413 2114 Browerus
440 2093 472 2123 p.
499 2079 562 2120 8ος
587 2080 769 2112 Diimmler
794 2081 838 2118 ΙΙ,
863 2077 939 2111 251.

421 2346 454 2382 1.

422 2619 443 2639 s)

423 2644 458 2654 ⁴--

539 2237 618 2272 151.
656 2236 736 2278 (20.)
771 2237 946 2279 Hymnus
973 2236 1019 2270 de
1048 2234 1305 2270 Confessore.

504 2346 642 2384 Sancte
673 2342 880 2384 confessor.
913 2341 1058 2378 meritis
1090 2340 1213 2388 beate,

502 2402 622 2439 Cerne
655 2401 831 2437 devotum
864 2399 933 2437 tibi
966 2401 1232 2445 congregatum

500 2457 694 2495 Mentibus
727 2461 873 2493 coetum
906 2466 1084 2492 resonare
1116 2457 1266 2491 cantum

690 2515 792 2550 Voce
824 2523 1016 2549 canorum.

506 2616 577 2661 Qui
608 2620 711 2652 tuum
742 2613 880 2660 gaudet
912 2612 1106 2649 celebrare
1137 2610 1288 2656 festum,

507 2674 586 2718 Quo
619 2682 725 2709 sacer
756 2671 871 2706 letum
909 2669 1053 2705 viceras
1085 2679 1268 2715 amarum,

507 2729 686 2775 Corporis
719 2727 885 2763 claustra
916 2736 1089 2762 reserans
1122 2724 1244 2761 eundo

695 2783 827 2819 Victor
855 2782 902 2819 ad
936 2786 1050 2821 astra.
