1785 3111
774 69 1085 109 —588—

423 186 459 223 7.
506 184 573 233 Te,
606 184 707 221 trina
736 183 857 221 deitas
887 193 1048 231 unaque,
1081 182 1286 229 poscimus,

505 240 568 279 Sic
599 245 640 277 tu
670 251 738 278 nos
769 240 895 286 visita,
929 240 1026 276 sieut
1057 243 1095 276 te
1127 239 1297 287 colimus,

506 297 581 334 Per
611 301 694 335 tuas
726 297 878 333 semitas
911 297 984 333 due
1014 307 1094 347 nos,
1127 307 1200 343 quo
1230 295 1436 344 tendimus,

682 354 746 391 Ad
776 353 916 402 lucem,
944 364 1055 400 quam
1086 352 1293 391 inhabitas,

237 479 367 519 Hymn.
405 489 468 510 1113.
506 478 540 509 S.
577 477 711 508 Mariae
748 476 902 517 Magdal.
941 476 1316 518 Claustroneoburgen.
1354 486 1444 507 saec.
1484 473 1570 508 ¹3J14.
1631 475 1714 508 Cod.

149 524 414 556 Claustroneob.
444 520 540 554 1001.
565 523 604 553 A.
627 539 670 543 —
688 524 787 553 Brev.
814 532 876 553 ms.
907 521 1116 553 Secoviense
1145 531 1234 553 saec.
1263 520 1313 552 14.
1340 522 1387 552 in.
1438 521 1520 553 Cod.
1545 522 1714 554 Graecen.

146 567 223 601 789.
257 570 295 600 Β.
330 587 373 590 —-
405 569 547 610 Antiph.
580 578 640 599 1113.
667 567 700 599 S.
726 567 869 609 Georgii
894 568 1040 609 Pragen.
1068 577 1155 598 saec.
1185 565 1235 597 14.
1263 568 1308 598 in.
1366 566 1449 598 Cod.
1475 567 1621 609 Pragen.
1648 567 1715 599 VH

145 613 178 646 H
212 614 241 646 1.
273 615 310 646 C.
345 632 385 636 —
421 614 516 645 Orat.
543 624 606 644 ms.
636 613 669 646 S.
695 613 836 654 Georgii
863 613 1010 653 Pragen.
1037 622 1125 644 saec.
1155 610 1204 643 14.
1230 614 1276 643 in.
1333 611 1414 643 Cod.
1440 612 1587 653 Pragen.
1612 613 1662 644 VI
1686 612 1717 644 G

148 657 188 691 16
223 670 252 691 0.
288 661 331 691 D.
366 677 411 682 —
445 659 589 691 Colleet.
616 669 676 689 ms.
703 659 901 699 Aspacense
927 668 1016 689 saec.
1046 656 1097 689 14.
1123 659 1168 688 in.
1227 658 1312 689 Clm.
1339 658 1520 689 Monaeen.
1547 655 1646 690 3215.
1672 658 1715 690 Ε.

147 723 188 727 -
221 706 346 737 Matut.
383 715 445 737 1113.
471 705 709 736 Admuntense
744 704 827 734 anni
861 701 956 735 1080.
1015 703 1097 735 Cod.
1125 703 1335 735 Admunten.
1365 700 1416 734 18.
1445 702 1521 734 add.
1547 713 1636 735 saec.
1664 701 1716 735 14.

147 751 184 782 F.
219 769 263 774 —
296 751 398 782 Brev.
433 761 496 782 ms.
527 750 702 791 Pragense
737 759 827 780 saeC.
855 747 906 779 14.
965 748 1048 780 Cod.
1072 749 1162 780 Mus.
1189 748 1329 780 Bohem.
1356 748 1439 779 XIV
1463 748 1493 779 E
1523 746 1574 780 13.
1599 749 1640 781 G.
1679 765 1716 769 —

148 797 243 827 Viat.
277 807 339 827 ms.
375 796 542 827 Iohannis
576 796 777 826 Noviforen.
804 804 893 826 saec.
922 791 972 825 14.
1032 794 1114 826 Cod.
1140 795 1230 825 Mus.
1257 794 1398 825 Bohern.
1423 794 1511 825 XIII
1535 793 1566 824 A
1593 791 1645 826 12.
1670 795 1715 826 H.

152 859 189 862 —-
229 840 330 873 Brev.
360 852 423 872 1113.
449 841 555 873 Claus
558 841 852 881 troneoburgense
878 850 966 871 saec.
996 836 1046 871 14.
1104 840 1187 871 Cod.
1214 839 1591 881 Claustroneoburgen.
1620 837 1716 872 1199.

144 888 172 918 I.
199 904 241 908 —
267 888 368 919 Brev.
394 897 456 918 ms.
484 886 647 918 Chimens
634 888 689 924 e(
681 885 752 924 (?)
746 895 834 916 311.οο
865 884 914 916 14.
965 885 1048 916 Cod.
1073 885 1316 916 Vindobonen.
1346 881 1444 916 1893.
1469 885 1512 916 K.
1537 903 1582 907 ——
1612 885 1714 916 Blev.

145 942 206 963 ms.
241 932 445 963 Floiianuin
479 930 658 962 sae0.14.
697 928 746 971 [et
778 927 845 971 13]
901 930 983 961 Cod.
1016 930 1170 961 Florian.
1196 930 1244 962 XI
1272 927 1349 962 384.
1374 930 1414 961 L.
1452 948 1495 952 —
1527 930 1627 961 Brev.
1653 940 1716 963 ms.

146 978 376 1009 Cistereiense
409 987 498 1008 saec.
534 974 586 1007 14.
650 976 732 1008 Cod.
766 976 919 1007 F101ian.
954 976 1004 1006 XI
1036 973 1112 1007 399.
1146 977 1193 1006 M.
1232 994 1276 996 —
1311 977 1413 1007 Brev.
1447 986 1508 1006 rnS.
1540 975 1715 1017 Pragense

146 1032 238 1054 saec.
271 1021 319 1053 14.
346 1020 396 1064 [et
423 1019 490 1063 15.]
532 1021 615 1053 Cod.
643 1021 735 1063 Piag
722 1032 791 1052 011.
818 1021 867 1052 Vi
893 1022 918 1052 F
947 1018 988 1052 12
1013 1030 1042 1052 a.
1068 1022 1110 1052 N.
1129 1021 1232 1052 —Ps
1237 1021 1295 1052 alt.
1323 1025 1356 1053 et
1374 1020 1490 1062 hymn.
1509 1031 1571 1052 ms.
1589 1021 1715 1053 Portae

145 1067 180 1099 S.
213 1068 348 1100 Mariae
381 1069 417 1098 in
448 1067 593 1108 Axpaeh
629 1076 719 1098 saec.
748 1064 798 1097 14.
856 1066 938 1098 Cod.
969 1066 1211 1098 Vindobonen.
1241 1064 1336 1098 1877.
1362 1066 1401 1097 O.
1436 1083 1479 1087 —
1512 1066 1619 1108 Antip
1621 1066 1654 1097 11.
1680 1069 1714 1098 et

145 1112 264 1154 hymn.
290 1123 353 1144 ms.
380 1113 567 1145 Sueeieum
593 1122 682 1143 saec.
712 1109 760 1142 14,
788 1109 836 1153 [et
864 1109 930 1153 15.]
990 1110 1071 1142 Cod.
1099 1112 1267 1152 Upsalen.
1293 1113 1319 1144 C
1344 1109 1420 1143 422.
1448 1113 1484 1144 P.
1519 1129 1563 1132 -—
1587 1078 1712 1143 Dpiurn.

145 1169 208 1189 ms.
243 1159 276 1190 S.
310 1159 403 1191 Petri
438 1158 680 1199 Salisburgen.
711 1155 883 1196 (Monial.)
915 1166 1004 1188 saec.
1040 1155 1091 1188 14.
1148 1157 1229 1189 Cod.
1263 1158 1393 1189 Petrin.
1428 1167 1449 1188 a
1481 1157 1529 1188 IV
1559 1155 1609 1188 11.
1635 1157 1712 1189 add.

146 1214 234 1235 saec.
263 1202 351 1235 ¹⁴0'15.
378 1204 418 1242 Q.
438 1221 483 1224 —
500 1205 599 1235 Brev.
630 1213 693 1233 ms.
720 1203 754 1234 S.
780 1202 979 1233 Dorotheae
1004 1202 1248 1234 Vindobonen.
1275 1212 1362 1234 saec.
1387 1201 1438 1235 13.
1480 1202 1562 1234 Cod.
1583 1203 1713 1234 Vindo-

145 1249 270 1281 boiien.
306 1247 402 1280 1717.
440 1249 516 1280 add.
551 1258 641 1280 saec.
673 1247 723 1279 15.
750 1248 790 1279 R.
826 1266 866 1269 —
900 1249 1025 1279 Diurn.
1052 1251 1085 1279 et
1108 1247 1223 1288 hymn.
1249 1259 1312 1279 ms.
1337 1248 1552 1280 Benedictin.
1579 1247 1712 1280 Suecie.

145 1304 234 1326 saec.
263 1293 313 1326 15.
364 1294 446 1326 Cod.
476 1294 643 1335 Upsalen.
673 1293 699 1324 C
723 1291 800 1324 422.
827 1293 861 1324 S.
887 1310 930 1314 ——
952 1295 1050 1324 Brev.
1078 1304 1139 1324 ms.
1166 1293 1388 1325 Trebonense
1418 1304 1508 1325 saec.
1536 1292 1586 1325 15.
1628 1293 1711 1325 Cod.

143 1340 291 1381 Pragen.
317 1340 366 1371 VI
392 1340 419 1370 F
446 1337 486 1370 12
512 1340 543 1371 b.
569 1340 607 1371 T.
629 1356 673 1360 —
690 1340 792 1370 Brev.
819 1349 881 1369 ms.
909 1340 1079 1370 Hanussii
1105 1339 1147 1370 de
1171 1339 1351 1370 Kolowrat
1376 1340 1459 1371 anni
1487 1336 1584 1370 1470.
1627 1338 1710 1372 Cod.

145 1386 259 1427 Capit.
296 1386 443 1426 Pragen.
480 1385 508 1415 Ρ
545 1383 595 1416 11.
629 1385 672 1416 U.
709 1401 753 1405 -
789 1384 916 1425 Hymn.
952 1395 1014 1415 ms.
1050 1384 1322 1416 Sanblasianum
1353 1386 1435 1416 anni
1471 1382 1566 1416 1504.
1627 1383 1709 1415 Ood.

146 1431 293 1462 Paulan.
321 1429 374 1462 25.
404 1429 431 1461 1.
457 1428 510 1461 34.
536 1430 593 1469 (01.
620 1430 738 1461 Sanbl.
766 1430 887 1461 memb.
918 1427 982 1466 12.)
1005 1430 1047 1460 V.

240 1476 274 1515 1,
310 1475 331 1507 4
356 1476 478 1507 Cordis
503 1486 605 1507 voees
632 1476 670 1507 Β.
698 1495 739 1498 -—
766 1473 802 1513 2,
830 1473 850 1505 3
876 1475 1053 1516 legitimae
1078 1475 1117 1506 A.
1145 1493 1185 1497 —
1213 1473 1244 1513 2,
1268 1473 1290 1506 4
1315 1476 1415 1507 Pacis
1441 1475 1578 1507 indulta
1602 1476 1642 1507 A.
1671 1492 1711 1497 —

145 1519 185 1559 3,
217 1519 238 1553 2
270 1521 371 1553 dator
396 1522 443 1562 A;
476 1521 595 1552 datum
621 1522 665 1552 H.
694 1538 733 1542 ψ
760 1518 799 1558 3,
833 1518 853 1551 3
882 1521 938 1552 Fit
970 1524 1079 1551 totum
1104 1521 1149 1551 H.
1178 1537 1223 1541 —
1248 1520 1314 1552 Str.
1340 1519 1361 1553 3
1393 1521 1463 1552 und
1487 1519 1509 1551 4
1532 1520 1649 1553 fehlen
1671 1521 1711 1552 B.

145 1565 184 1605 4,
218 1564 239 1598 2
265 1568 370 1598 saluti
396 1567 559 1608 poculum
584 1566 626 1597 E.
650 1584 693 1587 —
719 1564 759 1605 4,
785 1564 805 1596 3
832 1566 922 1607 quod
948 1565 1054 1597 dardo
1081 1566 1182 1597 vobis
1208 1566 1388 1597 vasculum
1418 1567 1458 1597 A.
1484 1583 1526 1587 —
1552 1564 1583 1605 7,
1609 1564 1629 1597 2
1655 1566 1713 1598 Sic

146 1623 280 1654 nosque
315 1614 438 1643 visitas
473 1612 553 1644 BE:
592 1612 649 1644 Sic
681 1615 719 1643 tu
751 1622 814 1643 nos
847 1612 971 1642 visites
1004 1611 1056 1652 H3
1091 1610 1188 1642 Sicut
1218 1622 1281 1643 nos
1315 1613 1439 1644 visitas
1472 1612 1509 1643 F.
1542 1628 1585 1633 ——
1619 1610 1657 1650 7,
1692 1609 1715 1643 4

147 1658 364 1699 Suppliciter
390 1661 423 1689 te
449 1659 599 1699 petimus
622 1657 693 1688 AB.

459 1848 541 1884 388.
577 1848 636 1891 (4.)
670 1848 716 1883 In
740 1848 982 1884 Festivitate
1010 1847 1205 1892 Corporis
1232 1847 1400 1884 Christi.

812 1919 865 1950 Ad
891 1919 1040 1951 Laudes.

148 2034 186 2072 1.
235 2032 405 2071 Verbum
437 2043 641 2081 supernum
673 2033 853 2080 prodiens
968 2036 1006 2072 4.
1054 2033 1102 2071 Se
1132 2044 1290 2071 nascens
1322 2033 1429 2072 dedit
1459 2034 1613 2079 socium,

232 2089 314 2127 Nec
343 2090 466 2137 patris
488 2090 662 2136 linquens
685 2090 895 2137 dexteram,
1053 2091 1290 2129 convescens
1321 2090 1360 2126 in
1391 2090 1570 2139 edulium,

232 2146 294 2185 Ad
326 2157 420 2194 opus·
451 2157 559 2183 suum
590 2146 719 2183 exiens
1054 2146 1102 2184 Se
1132 2147 1296 2184 moriens
1327 2146 1364 2183 in
1397 2146 1575 2194 pretium,

230 2204 345 2242 Venit
375 2203 426 2241 ad
458 2203 560 2241 vitae
590 2213 802 2250 vesperam.
1054 2202 1102 2241 Se
1133 2214 1293 2250 regnans
1326 2203 1392 2240 dat
1421 2202 1459 2239 in
1487 2203 1710 2250 praemium.

147 2329 184 2366 2.
231 2328 276 2365 In
306 2331 465 2364 mortem
500 2339 522 2364 a
554 2327 741 2374 discipulo
969 2332 1006 2367 5.
1054 2329 1083 2367 O
1116 2328 1293 2367 salutaris
1324 2328 1461 2375 hostia,

232 2383 317 2421 Suis
348 2384 564 2422 tradendus
595 2384 753 2422 aemulis
1048 2385 1150 2431 Quae
1181 2385 1277 2423 caeli
1306 2385 1444 2432 pandis
1476 2384 1627 2432 ostium,

231 2440 342 2478 Prius
374 2440 416 2477 in
446 2441 546 2478 vitae
577 2439 724 2479 ferculo
1050 2441 1159 2479 Bella
1190 2445 1366 2488 premunt
1396 2441 1562 2490 hostilia,

203 2524 208 2529 .
235 2496 282 2534 Se
313 2496 474 2534 tradidit
506 2497 716 2544 discipulis.
1050 2498 1110 2536 Da
1138 2498 1265 2545 robur,
1299 2496 1357 2535 fer
1387 2497 1582 2537 auxilium.

146 2622 182 2659 3.
229 2618 371 2666 Quibus
404 2618 473 2656 sub
505 2619 595 2656 bina
625 2621 752 2667 specie
966 2624 1002 2660 6.
1048 2622 1123 2660 Uni
1153 2622 1328 2668 trinoque
1358 2621 1521 2658 Domino

230 2676 391 2714 Carnem
426 2675 529 2713 dedit
562 2679 599 2713 et
627 2677 859 2727 sanguinem,
1050 2678 1107 2716 Sit
1137 2678 1370 2725 sempiterna
1399 2678 1531 2725 gloria,

230 2731 281 2771 Ut
314 2731 476 2779 duplicis
508 2731 742 2771 substantiae
1049 2734 1120 2781 Qui
1151 2734 1266 2771 vitam
1298 2734 1379 2771 sine
1409 2734 1573 2772 termino

229 2789 366 2826 Totum
398 2788 545 2826 cibaret
575 2789 775 2829 hominem.
1049 2790 1170 2828 Nobis
1202 2790 1317 2828 donet
1346 2790 1385 2828 in
1416 2791 1555 2838 patria.
