1785 3111
808 118 857 122 —
918 94 1001 135 446

178 213 245 250 29.
278 211 307 249 O
338 210 475 256 Maria,
508 209 589 246 Deo
621 209 746 258 digna,

336 267 464 315 Plena,
498 265 633 313 inquit,
665 265 801 313 gratia,

278 322 487 360 Benedicta
515 327 551 358 et
583 322 694 359 beata

338 379 497 417 Saecula
528 389 597 425 per
627 380 766 419 omnia.

179 482 245 520 30.
276 481 420 518 Amans
451 480 574 518 Deum
605 481 707 528 apud
739 491 823 518 eum

337 537 523 575 Invenisti
553 538 728 584 gratiam,

282 594 363 640 Qua
395 594 543 640 repleta
575 594 648 630 eris
680 595 781 631 laeta

338 651 488 687 Prolem
520 651 678 698 gignens
710 651 863 699 regiam.

180 753 246 791 31.
279 752 337 790 Ne
368 751 562 800 formides,
596 753 676 790 sola
704 752 800 790 fides

336 809 421 846 Tibi
455 809 560 846 dabit
590 808 721 855 filium,

282 865 423 903 Contra
455 876 596 902 morem
628 867 855 903 salvatorem

337 922 548 960 Generabis
580 923 758 962 onmium.

181 1026 250 1063 32.
281 1025 409 1062 Mater
443 1025 518 1061 eris
550 1030 587 1062 et
620 1025 758 1062 diceris

340 1081 472 1118 Omnis
503 1081 605 1118 orbis
640 1082 804 1129 domina,

287 1137 375 1174 Eris
408 1148 559 1186 parens,
593 1138 660 1174 sed
687 1150 761 1177 non
785 1148 919 1175 carens

347 1194 534 1231 Castitatc
567 1194 741 1241 pristina,

183 1297 251 1336 33.
284 1295 343 1333 Ne
375 1296 555 1344 turberis,
590 1307 636 1333 ne
666 1297 815 1334 miseris

338 1353 522 1401 Audiens,
551 1353 656 1399 *quod
687 1354 837 1401 paries3

284 1408 424 1456 Gignes
442 1409 607 1455 quidem,
627 1410 693 1447 sed
711 1415 751 1447 ut
768 1411 919 1457 pridem

344 1466 533 1513 Virginem
566 1470 603 1502 te
634 1467 789 1504 senties.

185 1569 255 1607 34.
286 1568 492 1614 Appetitas
525 1575 560 1604 et
590 1568 760 1615 pruritus

341 1624 474 1661 Carnis
506 1625 754 1672 ignorabitur,

284 1682 439 1718 Partum
471 1686 595 1718 tamen
627 1682 664 1718 in
696 1685 733 1718 te
767 1680 903 1718 flamen

342 1737 520 1774 Sanctum
553 1738 787 1784 operabitur.

183 1840 249 1877 35.
283 1838 435 1876 Summa
474 1839 593 1875 virtus
622 1844 733 1885 atque
766 1844 918 1877 sanctus

340 1895 394 1931 Te
425 1895 589 1942 replebit
620 1896 788 1946 spiritus,

282 1951 334 1988 Ut
366 1956 585 1988 cunctorum
616 1953 855 1989 saeculorum

342 2008 425 2046 Rex
457 2009 506 2044 sit
536 2012 621 2045 tuus
652 2009 815 2056 genitus,

186 2109 254 2147 36.
286 2109 374 2145 Eris
386 2119 787 2158 praegnans,namque
804 2120 964 2157 regnans

342 2166 387 2202 In
420 2170 613 2204 aeternum
646 2166 829 2203 Dominus

287 2221 417 2259 Sumet
441 2233 589 2271 corpus,
611 2233 681 2270 per
703 2223 803 2269 quod
823 2234 916 2271 opus

342 2279 479 2315 Mundi
510 2279 618 2315 tollet
650 2278 809 2317 facinus.

186 2374 252 2411 37.
287 2374 324 2410 Is
357 2373 532 2423 salvabit,
566 2385 673 2421 quem
706 2376 883 2422 purgabit

340 2431 373 2466 A
405 2431 583 2477 peccatis,
615 2432 810 2480 populum,

282 2486 522 2532 Regnaturus
554 2492 590 2523 et
623 2488 779 2525 daturus

341 2542 510 2588 Regnum
552 2543 609 2579 his
640 2544 678 2580 in
714 2545 916 2586 saeculum.

188 2638 254 2675 38.
285 2637 543 2674 Exsultabunt
574 2644 609 2675 et
642 2639 852 2678 laudabunt

342 2694 396 2730 Te
427 2693 560 2731 fideles
594 2694 767 2743 feminae,

287 2750 408 2787 Erunt
442 2761 570 2787 omnes
601 2752 771 2790 nationes

347 2806 428 2843 Tuo
459 2807 586 2844 salvae
616 2809 795 2854 germine,

999 211 1065 248 39.
1099 209 1320 257 Credidisti,
1354 209 1454 256 quod
1485 209 1624 247 audisti

1154 267 1283 303 Mente
1317 266 1570 315 devotissima,

1097 323 1198 360 Ante
1232 326 1381 369 partum
1414 327 1557 369 etpost
1579 326 1731 369 partum

1155 379 1316 416 Manens
1347 379 1606 426 integerrima.

999 482 1065 520 40.
1098 481 1149 520 Ut
1181 481 1394 528 scripturae
1427 481 1666 529 praedixere,

1155 537 1274 575 Facta
1307 548 1345 574 es
1377 548 1578 585 puerpera,

1100 595 1181 632 Iam
1214 605 1300 631 cum
1331 599 1421 631 nato
1451 597 1629 631 coronato

1155 651 1305 697 Regnas
1338 661 1452 697 super
1482 650 1650 689 aethera.

998 753 1065 791 41.
1096 752 1307 791 Universae
1337 752 1410 789 iam
1444 762 1647 789 conversae

1156 809 1298 846 Gentes
1329 813 1366 845 te
1396 807 1651 859 magnificant,

1098 866 1152 903 Te
1183 870 1400 914 precantur,
1433 869 1470 902 te
1498 864 1684 902 mirantur

1154 924 1212 960 Ac
1244 923 1379 959 devote
1409 921 1645 969 praedicant.

1004 1027 1072 1064 42.
1106 1025 1198 1063 Sunt
1232 1025 1415 1062 caelestes
1447 1025 1552 1062 chori
1585 1029 1714 1073 testes,

1160 1082 1303 1127 Quibus
1337 1092 1375 1118 es
1402 1082 1634 1128 praeposita.

1103 1139 1157 1175 Te
1186 1144 1405 1175 cunctorum
1438 1139 1644 1175 electorum

1162 1195 1480 1232 Transscendisse
1510 1195 1657 1234 merita.

1008 1298 1073 1335 43.
1104 1297 1221 1334 Totus
1252 1296 1356 1334 orbis
1387 1301 1423 1333 te
1455 1307 1523 1343 pro
1556 1296 1696 1333 morbis

1160 1354 1208 1390 Et
1241 1353 1530 1390 necessitatibus

1104 1410 1355 1460 Deprecatur,
1389 1414 1428 1447 ut
1461 1408 1610 1446 fruatur

1161 1467 1310 1515 Optatis
1339 1466 1588 1504 successibus.

1005 1571 1073 1608 44.
1107 1569 1161 1606 Te
1192 1569 1390 1606 laudamus
1422 1572 1457 1605 et
1489 1578 1678 1615 rogamus,

1160 1626 1402 1662 Feminarum
1435 1625 1567 1671 gloria,

1103 1682 1221 1719 Tuam
1255 1682 1413 1731 prolem,
1446 1692 1575 1718 verum
1605 1681 1736 1727 solem,

1159 1739 1279 1776 Nobis
1311 1738 1526 1775 reconcilia.

1005 1842 1070 1881 45.
1103 1841 1181 1878 Nos
1215 1851 1406 1884 conserva,
1441 1851 1486 1877 ne
1519 1844 1671 1877 caterva

1163 1898 1306 1934 Laedat
1338 1897 1634 1937 adversantium.

1102 1955 1229 2001 Atque
1262 1954 1382 1990 caecis
1413 1959 1499 1990 tuae
1529 1953 1655 2000 precis

1162 2011 1317 2057 Porrige
1348 2010 1570 2047 subsidium.

1007 2113 1072 2150 46.
1106 2112 1244 2148 Preces
1276 2110 1405 2157 funde,
1442 2122 1487 2148 ne
1518 2110 1736 2148 immundae

1163 2167 1412 2205 Succumbam
1445 2168 1610 2215 libidini,

1106 2224 1156 2262 Ut
1189 2235 1294 2261 mens
1326 2234 1408 2261 mea
1439 2235 1512 2261 non
1544 2225 1592 2261 sit
1627 2235 1691 2262 rea

1156 2282 1199 2317 In
1232 2286 1438 2327 conspeetu
1469 2280 1632 2318 Domini.

1005 2378 1069 2416 47.
1104 2377 1222 2414 Stella
1254 2377 1381 2426 maris,
1415 2387 1510 2423 quae
1541 2377 1682 2424 ignaris

1160 2433 1345 2471 Subvenis
1377 2438 1413 2470 et
1444 2433 1619 2483 perditis,

1104 2491 1145 2526 In
1178 2490 1247 2527 hoc
1279 2490 1358 2526 salo
1390 2500 1456 2526 nos
1487 2501 1508 2526 a
1543 2489 1640 2526 malo

1159 2546 1250 2583 Tuis
1282 2546 1387 2583 salva
1418 2546 1574 2582 meritis.

1006 2643 1070 2680 48.
1106 2642 1162 2680 Ne
1193 2642 1332 2678 amaris
1363 2641 1521 2688 patiaris

1161 2698 1370 2735 Absorberi
1402 2696 1588 2743 fluctibus,

1106 2754 1177 2800 Qui
1208 2755 1392 2791 extollunt
1426 2759 1538 2800 atque
1567 2753 1694 2790 colunt

1163 2810 1216 2847 Tc
1248 2811 1393 2848 devotis
1425 2810 1624 2849 mentibus,
