1785 3111
721 60 1030 101 —571—

176 172 238 205 Ad
263 173 438 206 Nonam.
466 187 504 193 —-
538 170 567 211 1,
592 169 613 203 2
639 172 693 205 Sit
716 173 818 205 nobis
843 174 912 205 AF.
938 190 982 194 —
1011 171 1039 212 1,
1065 171 1086 204 3
1110 173 1158 204 Et
1182 183 1243 214 per
1267 173 1357 204 hanc
1382 172 1429 214 E;
1465 173 1532 205 Per
1557 184 1660 214 quam

85 221 122 251 et
145 219 247 250 nobis
273 219 318 250 H.
344 233 387 239 -
415 215 445 256 1,
469 215 492 249 4
517 216 655 249 Collata
679 219 750 250 sint
775 218 819 257 C,
851 220 981 261 Aperta
1006 220 1075 250 sint
1100 219 1151 259 D;
1177 219 1317 250 Donata
1342 222 1422 249 sunt
1447 220 1493 250 H.
1522 235 1560 240 —
1588 219 1655 251 Str.

90 263 105 295 1
132 264 219 295 fehlt
242 264 283 296 L.
308 280 353 285 -—
372 261 439 295 Str.
465 259 486 294 2
510 263 580 294 und
605 263 691 295 alles
717 265 855 296 weitere
880 264 967 296 fehlt
984 265 1021 297 C.
1047 281 1089 285 —
1117 262 1146 303 2,
1182 263 1197 294 1
1218 265 1494 296 Commoriamur
1512 265 1660 296 Domino

86 309 134 340 H.
155 327 193 330 —
213 307 244 349 2,
261 307 285 340 4
300 307 468 341 Mundum
486 309 536 340 sic
554 308 695 341 salvans
713 309 758 349 G,
786 309 845 341 Sic
862 310 1027 342 mundum
1045 309 1186 341 salvans
1204 310 1250 350 L;
1271 309 1439 341 Mundum
1457 314 1661 342 restaurans

89 355 262 396 perditum
286 354 329 388 E.
356 370 400 375 —
424 353 524 387 Naeh
551 354 617 387 Str.
644 352 665 387 2
689 355 766 397 fiigt
790 355 819 386 L
845 356 915 387 bei:

565 444 665 477 Haec
689 445 832 478 horrent
857 446 945 478 caeli
971 447 1096 485 sidera,

562 491 655 522 Dum
681 491 813 531 vident,
838 492 967 523 tollunt
991 492 1134 531 lumina,

565 536 778 568 Scinduntur
803 538 924 579 templi
951 547 1136 576 marmora,

562 581 656 613 Mors
682 583 765 614 viva
791 583 904 614 reddit
930 593 1089 625 corpora.

175 672 235 703 Ad
252 672 488 715 Vesperas.
515 690 559 695 —
584 671 616 711 2,
644 670 660 704 l
682 673 768 706 Cum
793 674 943 715 flagellis
961 674 1002 706 E.
1022 691 1066 695 —
1083 672 1115 711 2,
1145 673 1165 706 2
1183 675 1273 706 Potu
1292 675 1334 706 A.
1353 693 1397 696 —
1414 673 1445 714 3,
1476 673 1491 706 1
1511 675 1660 706 Nostrae

82 719 199 759 gentis
225 718 273 757 D;
299 718 398 750 Tuae
421 719 518 759 genti
544 719 596 757 H;
622 718 726 751 Omni
750 720 846 761 genti
863 720 931 759 1K;
957 720 1043 751 Piae
1068 721 1165 761 genti
1182 720 1229 759 G,
1256 721 1404 751 Nostrae
1430 721 1536 752 menti
1559 720 1600 751 E.
1616 738 1661 743 ——

84 761 116 801 3,
142 761 164 794 2
188 763 387 795 Recolentis
413 764 455 795 D.
482 780 526 785 ·—-
550 760 582 801 3,
607 761 628 795 3
652 765 778 796 Mortis
803 767 884 796 tuae
910 765 1006 796 HIK.
1033 783 1078 786 —
1100 763 1132 803 3,
1157 763 1180 796 4
1204 766 1285 797 Iesu
1309 765 1506 807 redemptor
1528 766 1598 797 FG.
1617 782 1658 786 —-

81 807 120 847 4,
151 806 174 840 4
211 819 260 848 sq.
288 809 356 840 Per
387 819 490 852 quem
514 810 627 841 caecis
652 810 768 842 lumen
794 810 910 842 reddis
935 811 979 841 H.
1006 827 1051 831 —
1075 809 1114 849 5,
1146 809 1167 842 3
1191 810 1303 842 hostis
1329 811 1439 842 invidi
1464 811 1592 843 DEIK.
1618 827 1660 831 —

84 853 116 892 5,
142 852 164 885 4
188 854 258 886 Fac
283 864 403 887 secure
427 855 494 894 IK3
529 855 602 886 Nos
627 855 801 886 conducas
827 857 871 887 H.
898 873 942 877 ——-
967 854 997 893 5,
1028 854 1048 887 5
1074 856 1120 888 Et
1144 866 1208 888 nos
1233 857 1353 888 venire
1379 856 1423 895 12¹3
1459 859 1493 888 et.
1517 856 1661 887 inducas

85 900 131 931 H.
165 917 200 920 —
228 900 354 931 Dieser
380 901 541 941 Hymnus
565 899 653 931 fehlt
677 901 717 932 L.
745 918 787 922 —

172 956 234 988 Ad
252 955 613 998 Completorium.
638 974 681 979 —-
709 954 738 994 1,
764 954 785 988 2
809 958 850 988 In
875 967 960 998 pace
985 968 1044 989 rex
1063 958 1107 989 H.
1134 975 1179 979 —
1206 956 1235 997 1,
1260 956 1283 989 4
1300 958 1511 1000 Semperque
1537 956 1660 989 laudes

87 1003 221 1034 solvere
246 1002 297 1041 D;
322 1001 474 1043 Tibique
497 1001 619 1033 laudes
644 1001 787 1034 reddere
811 1002 861 1040 Κ,
888 1002 935 1034 Et
959 1008 993 1036 te
1018 1003 1225 1046 redemptor,
1251 1013 1418 1046 quaerere
1439 1003 1485 1034 H.
1512 1020 1555 1024 —
1580 1000 1610 1042 2,
1640 1000 1660 1034 2

81 1048 260 1079 redemisti
285 1048 435 1079 Domine
461 1046 504 1086 F;
538 1046 739 1089 Redemptis
772 1051 831 1079 tuo
866 1050 1038 1091 sanguine
1064 1049 1109 1080 H.
1143 1066 1187 1070 ——
1219 1046 1257 1087 2,
1290 1046 1311 1080 3
1336 1059 1399 1080 nos
1426 1048 1469 1080 ad
1495 1048 1661 1080 caelest-ia

81 1093 246 1134 EFG1K;
278 1092 379 1124 Educ
402 1103 466 1124 nos
491 1091 533 1124 de
557 1094 711 1125 miseria.
736 1112 780 1116 —
804 1091 843 1131 2,
873 1092 895 1125 4
919 1096 1071 1126 Aeterna
1097 1094 1144 1134 A,
1179 1095 1351 1126 Aeternae
1377 1095 1471 1126 vitae
1497 1095 1580 1132 DL3
1613 1093 1661 1125 Et

83 1138 176 1170 dona
200 1138 297 1180 pacis
322 1138 451 1180 gaudia
476 1139 522 1169 H.
548 1155 592 1161 —

173 1184 253 1215 Von
278 1183 408 1215 diesem
426 1183 587 1215 Officium
614 1184 747 1226 spricht
762 1184 817 1216 die
837 1184 993 1217 Chronik
1011 1185 1071 1216 der
1088 1182 1131 1216 24
1149 1185 1339 1223 Generffle‚·
1369 1185 1456 1226 „Hic
1477 1184 1659 1217 Generalis

80 1228 354 1269 (Bonaventura)
373 1229 417 1260 ad
435 1230 638 1261 instantiam
656 1230 801 1261 Domini
819 1234 852 1262 et
871 1232 983 1262 sancti
997 1230 1181 1270 Ludovici,
1200 1232 1291 1272 regis
1306 1231 1486 1270 Franciae,
1507 1230 1659 1262 officium

80 1275 347 1306 devotissimum
372 1274 414 1306 de
439 1285 540 1306 cruce
567 1273 783 1316 composuit“
810 1275 894 1314 (Cfr.
920 1276 1021 1308 Anal.
1048 1277 1283 1307 Franciscana
1307 1277 1381 1314 III,
1408 1274 1497 1313 331).
1544 1276 1660 1308 Eben-

83 1330 122 1352 so
147 1321 195 1351 B:
232 1321 383 1362 „Incipit
415 1319 567 1351 officium
600 1324 741 1352 sanctae
767 1323 898 1360 crucis,
929 1322 1139 1364 completum
1166 1332 1186 1353 a
1212 1322 1317 1353 fratre
1343 1322 1590 1354 Bonaveutura
1616 1321 1660 1354 ad

85 1375 203 1407 preces
221 1365 353 1397 domini
373 1363 578 1397 Ludovici.“
612 1366 779 1408 Weniger
791 1367 951 1399 Gewicht
968 1369 1013 1399 ist
1030 1369 1090 1399 auf
1104 1367 1159 1399 die
1175 1368 1365 1409 Zeugnisse
1379 1367 1438 1398 des
1452 1367 1660 1399 Franciscus

83 1411 234 1443 Samson
248 1411 425 1450 (Minister
449 1411 624 1452 generalis
649 1422 719 1444 von
747 1409 984 1453 1475—1499>
1007 1424 1040 1445 u.
1067 1424 1098 1445 a.
1124 1424 1165 1444 zu
1183 1413 1284 1455 legen
1300 1413 1381 1453 [vgl.
1400 1413 1513 1454 Opera
1533 1413 1661 1445 Omnia

83 1457 124 1494 V,
153 1467 186 1498 p.
212 1457 312 1488 LVII
337 1456 416 1498 sq.);
450 1456 543 1488 denn
568 1456 612 1488 da
636 1457 743 1489 ihnen
768 1458 953 1500 beziiglich
979 1459 1125 1490 anderer
1149 1458 1329 1500 Opuscula
1353 1459 1520 1490 Irrtiimer
1543 1462 1659 1490 unter-

83 1501 211 1546 laufen,
240 1503 288 1533 ist
311 1502 387 1534 ihre
404 1503 582 1533 Autoritat
604 1502 826 1535 vermindert.
870 1505 1038 1546 Dagegen
1063 1505 1162 1536 weist
1186 1504 1241 1535 die
1270 1504 1538 1546 eigentiimliche
1556 1505 1660 1536 Form

82 1547 143 1578 der
167 1548 331 1589 Hymnen
357 1547 400 1579 ad
425 1548 564 1579 Laudes
588 1548 659 1580 und
684 1548 728 1580 ad
753 1549 937 1590 Vesperas,
963 1550 1019 1582 die
1046 1553 1159 1581 zuerst
1185 1551 1221 1580 in
1246 1549 1324 1580 dem
1350 1550 1510 1591 Hymnus
1536 1547 1657 1581 Decus

81 1600 239 1631 morum,
269 1590 345 1624 (lux
377 1591 557 1624 minorum
579 1593 739 1632 (Officum
774 1606 800 1626 s.
826 1595 1005 1627 Francisci
1031 1597 1067 1627 in
1093 1593 1122 1626 2.
1149 1594 1266 1637 Vesp.)
1289 1605 1358 1626 von
1386 1592 1466 1626 dem
1492 1595 1659 1627 Cardinal

81 1637 234 1670 Thomas
252 1649 322 1670 von
339 1639 461 1679 Capua
481 1640 687 1681 angewandt
708 1640 836 1678 wurde,
861 1641 1038 1673 bestimmt
1055 1641 1118 1673 auf
1132 1642 1234 1672 einen
1252 1640 1658 1672 Franziskanerdichter.

83 1684 168 1715 Man
200 1683 297 1715 kann
331 1683 405 1715 sich
438 1682 546 1716 daher
576 1695 642 1716 nur
665 1685 742 1717 dem
768 1685 882 1718 Urteil
909 1687 969 1718 der
993 1689 1159 1719 neuesten
1186 1687 1434 1727 Herausgeber
1459 1687 1520 1718 der
1544 1686 1660 1728 Opera

84 1729 211 1761 Omnia
227 1729 479 1761 anschliessen:
501 1731 614 1771 „Hinc
628 1732 714 1762 satis
728 1735 859 1762 certum
873 1732 1011 1764 videtur
1023 1732 1111 1764 illud
1125 1742 1199 1763 esse
1214 1742 1300 1773 opus
1320 1732 1352 1763 S.
1368 1729 1657 1764 Bonaventurae“

96 1774 193 1814 VIII,
220 1786 251 1816 p.
277 1774 382 1815 in).

429 1931 512 1968 333.
549 1932 608 1975 (3.)
643 1932 879 1968 Laudismus
905 1933 952 1968 (le
979 1933 1122 1969 sancta
1149 1932 1290 1969 Cruce.

762 2002 849 2034 Pars
874 2003 985 2035 Prior.

84 2095 120 2134 1.
166 2094 387 2133 Recordare
416 2098 569 2132 sanctae
600 2094 734 2139 crucis,
907 2097 945 2134 3.
991 2097 1090 2134 Ama
1121 2106 1283 2141 crucem,
1317 2095 1447 2132 mundi
1479 2095 1615 2143 lucem,

166 2151 238 2198 Qui
269 2149 480 2199 perfectam
511 2152 626 2189 vitam
661 2151 780 2199 ducis,
990 2153 1042 2190 Et
1072 2151 1230 2189 habebis
1263 2151 1456 2189 Christum
1490 2152 1622 2189 ducem

222 2208 426 2250 Delectare
455 2209 614 2256 iugiter3
1048 2209 1123 2245 Per
1152 2213 1307 2245 aeterna
1337 2209 1510 2257 saecula,

166 2265 327 2303 Sanctae
359 2266 481 2302 crucis
513 2265 729 2312 recordare,
995 2266 1116 2304 Cruce
1148 2275 1286 2312 corpus
1319 2265 1583 2315 circumcinge,

167 2321 219 2359 Et
247 2321 287 2358 in
317 2321 403 2368 ipsa
432 2322 620 2359 meditare
995 2322 1106 2359 Hanc
1138 2321 1367 2372 constringe,
1404 2334 1518 2360 manu
1548 2323 1661 2371 pinge

223 2377 517 2416 Insatiabiliter.
1051 2378 1319 2427 Consignando
1351 2379 1512 2427 singula.

79 2505 117 2544 2.
165 2503 250 2541 Stes
281 2502 317 2540 in
351 2512 463 2539 cruce
495 2502 646 2540 Christo
679 2503 786 2551 duce,
905 2504 944 2544 4.
991 2503 1068 2541 Cor
1097 2503 1136 2540 in
1168 2514 1303 2553 cruce,
1353 2515 1445 2542 crux
1476 2506 1514 2543 in
1547 2506 1663 2544 corde

165 2560 296 2598 Donec
325 2559 432 2596 vivas
462 2559 500 2596 in
532 2559 603 2597 hac
633 2560 717 2597 luce
990 2560 1060 2610 Sit,
1094 2570 1178 2597 cum
1210 2562 1327 2599 corde
1358 2562 1439 2599 sine
1471 2563 1597 2612 sorde,

222 2617 330 2655 Moto
361 2617 494 2663 procul
522 2616 663 2664 taedio,
1048 2617 1151 2663 Quae
1182 2619 1430 2665 tranquillum
1465 2618 1604 2669 faciat3

166 2673 253 2712 Non
284 2674 457 2721 quiescas
487 2683 557 2710 nec
587 2678 773 2720 tepescaS,
991 2673 1140 2721 Lingua
1171 2685 1263 2712 crux
1295 2673 1495 2723 efficiatur,

168 2731 213 2768 In
244 2730 316 2768 hoc
347 2740 495 2767 crescas
527 2735 564 2767 et
596 2731 762 2768 calescas
993 2731 1155 2769 Crucem
1186 2735 1335 2778 promat
1370 2736 1406 2768 et
1438 2732 1616 2781 loquatur

226 2787 362 2825 Cordis
395 2786 599 2826 desiderio.
1050 2788 1101 2825 Et
1132 2799 1322 2836 nunquam
1356 2788 1519 2829 deficiat.
