1785 3111
815 70 867 110 25

153 181 189 221 1,
227 182 242 215 1
270 185 332 217 Sol
356 195 435 217 ecce
460 186 573 227 surgit
597 195 734 222 aureus,
760 184 851 215 Edit.
880 201 918 204 —
950 181 984 221 1,
1011 180 1031 214 2
1056 183 1207 213 facescat
1232 181 1315 211 DN:
1343 180 1481 210 fatiscat
1507 180 1626 219 DHL;

54 228 204 260 fatescat
229 230 305 270 AF;
336 231 474 262 fatescit
510 229 552 262 K.
587 247 630 252 -—
659 229 688 268 l,
713 228 735 261 4
760 230 881 261 devios
908 230 945 261 B.
975 246 1008 250 -
1043 226 1074 267 3,
1101 225 1121 258 2
1143 228 1216 258 Nec
1241 226 1362 266 lingua
1388 224 1537 256 mendax
1564 234 1627 255 nec

56 274 349 308 ABDFHIKLN.
379 294 414 297 -νή
445 275 475 311 23,
502 274 571 308 3N
589 275 690 308 Oculi
716 286 759 307 ne
789 276 870 314 DL;
897 274 998 307 Oculi
1021 284 1083 305 nec
1108 272 1331 304 ABFHIKN.
1365 288 1408 292 —
1443 268 1474 307 3,
1509 268 1529 300 4
1556 271 1626 301 Nec

54 329 151 397 1135?
164 321 342 397 AIEFIKN.
377 340 418 343 —
453 320 492 358 4,
531 320 543 352 1
580 321 788 363 Speculator
820 324 889 352 stat
921 321 959 352 B.
985 337 1029 341 —
1063 317 1095 356 4,
1121 316 1141 350 3
1169 318 1333 359 perspicit
1361 316 1399 346 A.
1427 334 1470 336 -
1496 316 1622 347 Doxol.

446 467 504 502 25.
541 468 598 510 (4.)
635 468 783 503 Versus
809 467 856 502 de
883 466 1027 501 Natale
1053 464 1228 499 Domini.

630 532 799 567 (Cathem.
824 532 886 568 XI,
911 528 1043 568 1—22).

64 621 101 661 1.
132 622 229 669 Quid
252 627 321 671 est,
354 625 452 670 quod
481 629 605 662 artum
629 624 809 661 circulum

135 678 200 716 Sol
230 679 304 717 iam
339 691 538 718 recurrens
571 680 741 718 deserit?

133 736 358 775 Christusne
388 738 501 774 terris
532 738 713 784 nascitur,

134 793 204 839 Qui
235 794 331 830 lucis
362 799 472 841 auget
504 793 722 831 tramitem?

61 898 102 934 2.
138 895 235 942 Heu,
268 906 377 942 quam
411 894 581 943 fugacem
613 896 773 943 gratiam

132 951 289 990 Festina
321 952 500 990 volvebat
531 953 626 1001 dies,

134 1010 253 1054 Quam
280 1020 402 1056 paene
432 1009 657 1047 subductam
689 1008 810 1047 facem

133 1065 279 1104 Sensim
313 1067 435 1104 recisa
468 1067 706 1104 extinxerat!

63 1169 101 1206 3.
135 1167 287 1205 Caelum
320 1169 481 1206 nitescat
512 1170 662 1218 laetius,

133 1224 316 1262 Gratetur
346 1230 383 1262 ct
414 1226 582 1273 gaudens
614 1227 759 1275 humus,

133 1282 289 1320 Scandit
321 1283 510 1329 gradatim
544 1284 667 1321 denuo

132 1338 248 1376 Iubar
277 1340 425 1386 priores
456 1340 589 1381 lineas.

59 1442 98 1479 4.
130 1441 307 1490 Emerge,
341 1442 462 1479 dulcis
494 1443 617 1490 pusio,

134 1498 252 1544 Quem
283 1504 406 1536 mater
437 1499 517 1536 edit
548 1500 703 1538 castitas

132 1555 280 1593 Parens
312 1560 347 1592 et
380 1567 517 1603 expers
549 1557 730 1604 coniugis,

132 1612 325 1650 Mediator
355 1618 391 1650 et
425 1614 566 1660 duplex
596 1624 726 1661 genuS.

150 1713 280 1754 Hymn.
306 1724 369 1746 ms.
395 1713 429 1745 S.
454 1715 629 1746 Johannis
647 1715 853 1746 Laudunen.
880 1724 970 1746 saec.
992 1712 1041 1745 10.

882 626 918 662 5.
952 623 1012 659 Ex
1044 632 1108 658 ore
1139 620 1345 667 quamlibet
1374 619 1494 666 patris

953 679 1013 716 Sis
1043 683 1148 715 ortus
1181 681 1216 713 et
1248 677 1365 713 verbo
1397 676 1535 722 editus,

953 736 1094 773 Tamen
1126 738 1286 781 paterno
1317 734 1356 770 in
1387 736 1542 779 pectore

952 792 1094 839 Sophia
1126 790 1292 827 callebas
1323 790 1442 837 prius,

882 896 919 933 ὁ.
953 895 1057 940 Quae
1079 898 1253 940 prompta
1279 892 1423 929 caelum
1441 891 1625 932 condidit,

954 951 1109 989 Caelum
1143 950 1317 996 diemque
1349 952 1386 985 et
1415 952 1552 992 cetera,

954 1009 1104 1045 Virtute
1135 1007 1240 1044 verbi
1273 1005 1405 1043 effecta
1437 1010 1521 1041 sunt

953 1066 1058 1102 Haec
1076 1068 1222 1101 cuncta.
1244 1074 1327 1099 nam
1340 1061 1497 1099 verbum
1509 1062 1630 1101 Deus·

880 1170 916 1206 7.
949 1168 1023 1205 Sed
1056 1167 1243 1203 ordinatis
1276 1166 1435 1202 saeculis

947 1225 1163 1270 Rerumque
1197 1223 1343 1269 digesto
1375 1225 1476 1259 statu

948 1281 1147 1318 Fundator
1178 1281 1260 1327 ipse
1290 1283 1325 1316 et
1356 1277 1497 1316 artifex

949 1338 1162 1377 Permansit
1195 1338 1233 1374 in
1265 1336 1385 1383 patris
1418 1336 1513 1385 sinu,

881 1445 916 1481 8.
952 1442 1083 1478 Donec
1114 1444 1240 1477 rotata
1269 1438 1462 1475 annalium

951 1498 1320 1535 Transvolverentur
1351 1495 1468 1534 milia,

952 1557 1077 1602 Atque
1109 1555 1190 1601 ipse
1221 1556 1442 1600 peccantem
1476 1551 1540 1588 diu

952 1613 1140 1659 Dignatus
1171 1610 1300 1647 orbem
1334 1609 1485 1645 viseret.

1088 1713 1170 1745 Cod.
1190 1713 1335 1745 Bernen.
1362 1713 1439 1746 455.
1469 1731 1511 1735 —
1545 1713 1573 1751 1,
1599 1713 1619 1745 4

52 1758 165 1799 augit.
193 1775 236 1780 —
262 1757 293 1797 5,
319 1756 340 1791 3
364 1761 400 1791 in
425 1760 521 1792 fehlt.
547 1778 591 1782 —-
616 1758 646 1799 6,
674 1759 694 1792 3
719 1761 816 1792 verbi
844 1760 1013 1792 effecerat.
1040 1777 1084 1781 -—
1110 1758 1139 1797 6,
1165 1757 1187 1790 4
1216 1768 1295 1789 nam
1323 1761 1476 1792 herbum.
1504 1780 1546 1783 —

497 1871 556 1907 26.
591 1872 649 1914 (5)
685 1872 728 1906 In
756 1871 981 1907 Nativitate
1007 1872 1183 1908 Domini.

416 1936 584 1975 (Cathem,
611 1938 670 1975 IX,
701 1935 740 1968 10
757 1935 849 1968 —122
880 1935 1029 1977 19—‘273
1058 1935 1148 1969 109*
1172 1936 1256 1975 Ill).

80 2016 115 2054 1.
149 2015 273 2053 Corde
303 2020 415 2054 natus
447 2028 492 2054 ex
523 2018 693 2064 parentis

203 2077 291 2110 ante
321 2075 450 2111 mundi
483 2075 693 2121 exordium,

146 2129 275 2176 Alpha
306 2134 343 2167 et
374 2131 404 2168 O
437 2133 734 2178 c‹›gnoniinatuS‚

202 2187 285 2233 ipse
315 2185 400 2224 fons
431 2193 467 2224 et
498 2189 667 2226 clausula

149 2242 335 2294 Omnium,
378 2256 474 2292 quae
505 2250 603 2291 sunt,
643 2244 807 2290 fuerunt,

203 2311 374 2348 quaeque
404 2306 489 2348 post
526 2301 653 2340 futura
684 2306 770 2339 sunt

205 2358 440 2395 saeculorum
473 2360 646 2396 saeculis.

78 2461 116 2498 2.
148 2459 178 2496 Ο
209 2459 342 2498 beatus
373 2465 506 2508 partus
536 2461 614 2511 ille,

204 2517 311 2563 virgo
342 2529 424 2555 cum
456 2529 647 2565 puerpera

147 2572 285 2610 Edidit
314 2579 483 2612 nostram
515 2576 674 2613 salutem

205 2628 286 2667 feta
316 2636 446 2668 sancto
477 2633 629 2680 spiritu,

148 2685 201 2722 Et
229 2698 337 2737 puer,
370 2689 593 2736 redemptor
623 2689 737 2727 orbis,

207 2755 248 2781 os
279 2749 469 2789 sacratum
500 2746 660 2792 protulit
804 2775 823 2791 ,

207 2801 443 2839 saeculorum
476 2803 650 2840 saeculis.

894 2021 929 2057 3.
965 2018 1109 2056 Psallat
1139 2018 1302 2056 altitudo
1334 2020 1442 2067 caeli,

1021 2075 1186 2122 psallant
1218 2087 1346 2114 omnes
1378 2076 1514 2123 angeli.

962 2132 1155 2179 Quidquid
1185 2136 1242 2169 est
1273 2133 1423 2169 virtutis
1454 2144 1624 2180 usquam,

1022 2189 1163 2236 psallat
1193 2190 1230 2226 in
1262 2190 1413 2226 laudem
1445 2189 1529 2236 Dei.

967 2246 1082 2283 Nulla
1112 2246 1325 2294 linguarum
1358 2247 1522 2295 silescat,

1023 2314 1096 2340 vox
1127 2307 1163 2339 et
1194 2304 1314 2340 omnis
1347 2307 1525 2340 consonet

1022 2360 1258 2397 saeculorum
1290 2360 1464 2399 saeculis

894 2464 930 2500 4.
964 2463 1077 2509 Ecce,
1108 2472 1218 2508 quem
1250 2467 1355 2498 vates
1386 2463 1544 2499 vetustis

1023 2519 1272 2556 concinebant
1304 2519 1478 2560 saeculis.

967 2580 1084 2622 Quem
1116 2576 1389 2622 prophetarum
1422 2576 1554 2613 fideles

1022 2632 1182 2679 paginae
1212 2633 1508 2679 spoponderant,

964 2689 1115 2726 Emicat
1148 2689 1357 2736 promissus
1390 2689 1492 2735 olim,

1024 2749 1159 2783 cuncta
1192 2746 1408 2782 collaudent
1441 2756 1523 2782 eum

1024 2802 1259 2840 saeculorum
1292 2803 1464 2840 saeculis.
