1785 3111
776 95 1083 136 —206—

236 209 341 250 Trop.
366 219 428 240 ms.
446 208 691 241 Rhenoviense
716 219 806 240 saec.
832 206 918 240 ¹¹'1‘2.
957 209 1040 241 Cod.
1058 209 1216 240 Turicen.
1236 208 1346 240 Rhen.
1372 206 1425 240 97.
1443 208 1484 239 A.
1505 225 1547 229 —
1564 208 1708 249 Antiph.

145 266 206 286 nis,
233 254 421 286 Sanctense
449 264 538 285 saec.
566 251 618 285 13.
667 254 751 286 Cod.
778 255 891 295 Capit.
919 253 1082 286 Sancten.
1107 265 1134 285 s.
1160 265 1192 285 n.
1218 255 1257 285 Β.
1276 271 1320 274 -
1336 254 1437 285 Brev.
1462 264 1523 285 ms.
1543 253 1706 284 Tullense

144 310 232 331 saec.
271 298 320 330 15.
352 300 624 337 (Privatbesitz.)
658 300 694 331 C.
721 317 762 320 —
788 300 890 331 Brev.
925 309 988 330 mS.
1023 309 1112 331 saec.
1141 298 1190 331 14.
1240 297 1324 331 Cod.
1350 300 1493 330 Lincen.
1521 298 1565 330 Cc
1590 299 1624 330 Π
1655 297 1706 330 17.

144 347 186 377 D.
212 362 255 366 —
281 345 380 375 Brev.
407 355 470 375 ms.
495 345 779 376 Enimeramense
804 343 972 376 saec..15.
1013 345 1098 377 Clm.
1125 346 1306 376 Monacen.
1335 342 1462 376 14638.
1486 345 1527 375 E.
1546 363 1589 366 —
1607 345 1706 375 Brev.

144 392 386 432 Magantinuin
424 392 505 431 imp.
544 390 707 431 Lugduni
743 388 839 422 1507.
877 391 914 421 F.
950 408 995 410 —
1027 392 1126 422 Brev.
1159 391 1381 422 Traiectense
1418 391 1499 431 imp.
1540 389 1707 421 Coloniae

147 434 243 466 1517.
270 436 309 466 G.

236 479 265 518 1,
298 478 319 512 3
345 480 499 521 fulgurat
533 481 648 511 orbita
672 481 715 511 D.
742 497 785 501 —
810 478 840 518 2,
876 478 896 511 2
920 481 1050 512 nobilis
1078 480 1115 511 A.
1141 498 1185 502 —
1210 478 1240 515 2,
1274 478 1294 512 3
1320 481 1459 523 populis
1485 480 1533 511 E:
1568 482 1708 512 insonet

144 527 193 565 D3
219 529 387 557 consonat
412 526 482 556 AB.
509 543 554 546 —
579 523 611 562 3,
640 523 660 556 2
687 526 969 557 Transseendens
994 526 1119 557 tribuit
1135 526 1240 557 DEF.
1265 543 1309 548 —
1334 524 1365 564 3,
1390 524 1412 557 4
1436 525 1588 557 aureolis
1604 526 1644 556 A.
1663 542 1707 545 ——

141 573 172 602 4.
205 568 225 602 3
250 572 407 613 germina
433 581 587 602 erescere
611 572 650 602 A.
677 588 722 592 —-
747 570 777 609 5,
811 569 831 602 2
860 573 944 603 iiber
963 569 1118 612 proprio
1146 569 1309 611 „inclito“
1337 573 1377 603 A.
1404 589 1446 594 -
1472 569 1502 604 6.
1533 569 1553 602 2
1578 571 1707 602 Nostra

142 622 175 648 et
200 617 406 654 Germania,
439 615 588 648 dai-iiber
614 617 768 648 Saxonia
797 617 843 648 A:
878 620 998 648 nostra
1022 617 1210 649 Germania
1234 617 1346 652 DEF:
1371 621 1559 657 nostraque
1584 617 1707 647 Fresia

143 662 182 693 G.
209 678 251 682 —-
277 662 442 693 Obsehon
466 663 493 693 F
513 658 709 693 Germania
736 661 827 700 liest,
854 663 900 693 ist
923 661 1011 693 doch
1037 662 1225 694 zweifellos
1242 659 1406 693 Francia
1434 662 1489 693 die
1514 663 1703 702 urspriing-

142 707 232 738 lit-he
258 705 416 749 Lesung,
451 717 521 738 was
554 707 651 738 indes
685 707 761 738 hier
796 715 927 747 ..unser
951 703 1233 738 Frank-eozlamiffl
1266 707 1391 746 heisst,
1424 708 1490 738 wie
1514 706 1621 738 sehon
1646 706 1707 737 der

142 753 336 794 Gegensatz
372 763 413 783 zu
445 760 529 793 {lens
556 749 699 784 Gallica
730 754 867 794 anzeigt
893 753 962 784 und
987 764 1058 784 was
1083 754 1120 784 in
1145 753 1201 785 die
1226 754 1302 784 Zeit
1326 753 1398 784 und
1422 753 1489 784 den
1513 752 1621 783 Mund
1646 752 1706 783 des

143 798 346 836 ⁷.F1·anken·‘
373 798 497 830 Raban
530 798 633 839 passt.
681 798 734 837 (In
759 798 1019 830 franzosischen
1044 796 1233 830 Brevieren
1259 798 1391 830 kommt
1415 798 1476 829 das
1502 797 1609 836 Lied,
1641 798 1707 827 wie

141 853 221 874 man
257 843 330 874 sich
364 844 401 874 in
427 842 628 874 Chevaliers
653 845 788 885 Repert.
823 844 1042 885 iiberzeugen
1066 844 1178 883 kann,
1211 843 1308 875 nicht
1331 842 1416 884 vor.)
1462 844 1636 874 Martinus
1661 843 1708 873 ist

140 890 421 930 Bistumspat-ron
457 899 527 920 von
551 890 687 928 Mainz,
722 889 829 920 daher
853 888 883 927 5,
910 887 930 920 2
958 886 1171 930 Panyamus
1197 891 1384 931 proprio
1411 886 1551 920 caustica
1577 898 1706 930 prae-

141 934 249 1010 511131,
286 945 356 965 was
388 935 484 966 nicht
521 935 584 966 auf
612 936 689 967 eine
714 935 913 976 Absassung
946 936 983 965 in
1014 935 1095 966 oder
1127 936 1181 966 ft'u·
1205 935 1317 966 Tours
1350 946 1393 966 zu
1423 933 1550 966 deuten
1579 935 1635 964 ist.
1661 950 1706 954 —

142 982 171 1017 ὅ,
198 980 204 988 “
243 980 326 1011 facit
351 981 390 1012 A.

512 1068 592 1104 155.
630 1068 711 1111 (24.)
745 1068 791 1102 In
816 1068 1109 1104 Purificat-iolle
1134 1069 1183 1105 B.
1211 1069 1264 1105 Μ.
1292 1069 1339 1105 V.

839 1138 1017 1179 (Dubiuss

285 1229 348 1268 R0
399 1231 469 1277 Qui
501 1231 582 1267 sine
612 1235 770 1277 pecc-ato
801 1232 934 1278 templi
966 1235 1023 1268 est
1052 1231 1201 1269 oblatus
1233 1232 1282 1269 ad
1313 1242 1434 1278 aram,

476 1289 511 1325 A
542 1287 650 1324 nobis
682 1289 845 1325 clemens
879 1288 1036 1325 crimina
1067 1299 1238 1335 quaeque
1271 1289 1410 1327 demat.

416 1390 453 1430 1.
501 1389 610 1435 Quod
642 1389 779 1426 chorus
811 1393 939 1426 vatum
970 1390 1209 1427 venerandus
1240 1390 1329 1427 olim

501 1446 648 1492 Spiritu
680 1450 810 1482 sancto
843 1445 981 1484 cecinit
1011 1446 1194 1495 repletus,

499 1503 543 1539 In
574 1502 647 1539 Dei
678 1501 820 1539 factum
851 1503 1042 1549 genetrice
1073 1507 1220 1540 constat

685 1559 782 1596 Esse
809 1560 947 1598 Maria.

415 1663 451 1699 2.
498 1661 604 1698 Haec
634 1661 754 1698 Deum
787 1662 882 1699 caeli
913 1662 1189 1709 Dominumque
1219 1666 1345 1699 terrae

499 1718 615 1765 Virgo
647 1718 822 1765 concepit
852 1719 1075 1765 peperitque
1105 1719 1212 1766 virgo

497 1775 625 1821 Atque
655 1780 741 1821 post
770 1780 920 1821 partum
952 1776 1087 1812 meruit
1117 1785 1270 1812 manere

684 1832 884 1871 Inviolata.

413 1935 449 1971 3.
498 1933 613 1978 Quem
645 1943 761 1970 senex
793 1933 913 1970 iustus
944 1934 1095 1970 Simeon
1127 1934 1166 1970 in
1196 1934 1295 1970 ulnis

495 1990 539 2026 In
572 1991 682 2027 domo
713 1991 872 2036 sumpsit
905 1990 1058 2027 Domini
1089 1991 1253 2039 gavisus,

497 2046 554 2084 Ob
586 2047 687 2093 quod
718 2052 887 2094 optatum
920 2047 1076 2094 proprio
1107 2047 1255 2084 videret

682 2103 842 2140 Lumine
875 2104 1080 2142 Christum.

411 2208 449 2242 4.
498 2205 555 2241 Tu
582 2205 705 2242 libens
738 2206 846 2255 votis,
878 2206 1055 2252 petimus,
1089 2210 1287 2252 precantes

495 2262 610 2308 Regis
641 2263 786 2299 aeterni
817 2262 989 2309 genetrix
1021 2261 1159 2309 faveto,

495 2317 609 2356 Clara
639 2329 734 2365 quae
765 2319 857 2355 celsi
888 2319 1054 2355 retinens
1087 2319 1239 2366 Olympi

680 2375 810 2422 Regna
842 2376 984 2422 petisti.

408 2477 445 2513 5.
493 2475 550 2512 Sit
581 2475 662 2513 Deo
692 2480 822 2513 nostro
855 2477 969 2514 decus
1001 2480 1038 2513 et
1067 2480 1249 2524 potestas,

493 2531 549 2568 Sit
581 2533 682 2569 salus
713 2543 864 2581 perpes,
898 2533 947 2569 sit
977 2533 1098 2570 honor
1127 2533 1320 2582 perennis,

491 2588 562 2634 Qui
592 2589 670 2635 poli
701 2600 845 2626 summa
876 2589 1019 2627 residet
1048 2589 1086 2626 in
1117 2599 1205 2626 arce

678 2645 816 2682 Trinus
848 2651 883 2682 et
915 2657 1024 2684 unus,

227 2734 293 2764 Bit.
321 2737 353 2764 et
379 2733 477 2764 Miss.
504 2744 567 2764 ms.
593 2732 626 2764 S.
646 2734 773 2766 Albani
790 2735 991 2776 Maguntini
1016 2745 1105 2766 saec.
1134 2732 1185 2766 10.
1233 2734 1315 2765 Cod.
1333 2734 1573 2766 Vindobonen.
1596 2730 1692 2765 1888.

134 2780 173 2810 A.
198 2796 241 2799 —
267 2779 373 2819 Trop.
398 2789 460 2809 ms.
485 2779 782 2820 Maguntinumff)
806 2790 894 2812 saec.
923 2777 975 2811 10.
1016 2780 1099 2812 Cod.
1127 2780 1318 2811 Londinen.
1335 2780 1421 2811 Add.
1450 2777 1573 2811 19768.
1593 2781 1629 2811 B.
1648 2796 1694 2800 —-

134 2824 261 2865 Hymn.
290 2834 351 2855 ms.
380 2824 571 2855 Casinense
597 2833 686 2855 saec.
715 2822 766 2857 10.
817 2825 900 2857 Cod.
926 2826 1087 2857 Casinen.
1114 2823 1188 2857 506.
1216 2826 1253 2857 C.
1278 2842 1322 2846 --
1346 2826 1416 2857 Rit.
1441 2830 1474 2856 et
1500 2825 1612 2864 hymn.
1632 2834 1694 2855 ms.
