1785 3111
148 180 240 218 141.

148 609 242 648 142.

149 1038 243 1078 143.

152 1469 244 1506 144.

145 1896 238 1935 145.

148 2326 239 2364 146.

768 63 1080 104 —642—

287 179 390 224 Quae
421 177 586 214 candore
616 181 722 215 tanto
754 177 861 226 cluis,

286 235 380 272 Esto
412 234 535 282 nobis,
567 234 686 271 servis
719 234 806 281 tuis,

343 290 515 328 Clemens
547 295 583 327 et
614 290 794 337 propitia,

283 347 432 394 Rumpe
462 347 557 384 viles
588 347 693 384 Evae
724 352 846 393 uetus,

285 403 367 441 Nec
394 414 461 441 nos
493 404 612 441 saltus
643 404 709 441 ille
740 407 847 441 vetus

340 461 483 498 Arceat
514 471 536 497 a
566 461 699 507 gloria.

289 609 384 655 Ave,
416 607 522 654 virgo
555 608 779 653 reverenda,

287 664 376 702 Sine
406 674 538 713 naevo,
572 664 654 701 sine
684 663 836 709 menda,

345 721 454 758 Luna
485 721 566 757 sine
597 720 788 766 cornibus,

286 777 355 816 Tu.
370 788 464 824 quae
476 788 594 824 prava
606 782 703 824 sunt,
719 777 891 823 emenda,

288 834 444 872 Claudis
461 845 629 881 gressum
649 838 685 870 et
701 834 827 871 lumen
846 833 894 871 da

347 891 491 941 Caecis‚
524 891 641 927 risum
671 890 858 929 tristibus,

289 1037 407 1084 Virgo
438 1036 513 1084 pia,
546 1037 652 1084 virgo
683 1037 792 1087 lenis,

289 1095 393 1140 Quae
418 1093 556 1130 dedisti
576 1094 716 1130 calcem
734 1094 893 1143 threnis,

344 1151 463 1197 Opem
496 1150 604 1187 nobis
636 1150 761 1187 tribue

285 1207 335 1244 Et
367 1207 404 1243 in
436 1207 545 1243 huius
577 1207 678 1244 vitae
709 1207 790 1244 salo

286 1262 569 1310 Naufragantes
600 1275 668 1301 nos
700 1275 722 1301 a
751 1264 851 1302 malo

343 1320 627 1369 Tempestatum
661 1331 762 1360 erue.

290 1468 402 1505 Felix
434 1468 547 1504 tellus
578 1468 789 1515 ingravata.

287 1524 362 1562 Sed
400 1535 470 1561 nec
502 1524 620 1561 scissa
651 1535 719 1561 nec
751 1525 896 1562 sulcata

341 1581 539 1618 Rusticani
572 1591 736 1628 vomere,

285 1637 490 1690 Captiones
522 1638 600 1674 eius
633 1649 750 1687 cassa,

286 1695 358 1740 Qui
388 1705 456 1731 nos
487 1694 610 1743 hamo,
644 1694 729 1743 reti,
762 1705 874 1732 nassa

340 1751 487 1788 Nititur
519 1751 709 1798 decipere.

287 1896 415 1945 Virgo,
453 1902 619 1934 staurum
652 1898 890 1944 perditorum

284 1953 335 1991 Et
366 1953 516 1991 medela
546 1954 813 2000 languidorum

311 2010 489 2057 Lyraque
519 2010 741 2057 lugentium,

285 2066 443 2104 Servum
474 2070 590 2112 tuum,
623 2067 687 2113 qui
718 2071 755 2103 te
776 2065 890 2104 balbo

284 2123 434 2160 Laudat
464 2134 541 2161 ore.
575 2122 635 2160 fac
665 2124 704 2160 in
736 2123 822 2160 albo

342 2179 466 2217 Scribi
497 2180 825 2226 triumphantium.

287 2326 402 2373 Virgo
434 2327 585 2376 munda,
619 2327 749 2363 mundi
781 2327 870 2374 vita,

287 2382 450 2431 Concha,
486 2383 532 2420 de
563 2394 635 2429 qua-
666 2384 874 2431 margarita

345 2439 516 2477 Pretiosa
547 2440 728 2487 nascitur,

216 2530 221 2535 ,
286 2496 472 2532 Miserere
502 2500 566 2532 tuo
598 2507 719 2543 servo,

287 2551 357 2596 Qui
389 2552 535 2597 peccati
568 2556 693 2589 tentus
725 2563 814 2590 ervo

342 2608 463 2644 Iesum
495 2608 596 2644 lente
625 2610 809 2655 sequitur.

259 2738 285 2780 ¹)
320 2742 446 2772 Meum.
474 2761 515 2764 —

260 2784 286 2824 ²)
322 2786 408 2817 clue.
434 2804 477 2808 —

964 178 1056 216 147.

967 607 1059 647 148.

965 1038 1060 1076 149.

968 1469 1060 1508 150.

962 1898 1056 1937 151.

965 2328 1058 2367 152.

1102 178 1232 225 Virgo⁷
1274 178 1403 215 nutrix
1439 179 1706 230 orphanorum,

1102 235 1234 283 Virgo,
1266 245 1398 281 parma
1428 236 1650 282 pavidorum

1160 291 1212 328 Et
1241 292 1344 338 aegis
1377 292 1579 337 egentium,

1103 348 1224 384 Tuum
1239 344 1273 398 ¹)
1301 358 1441 394 quaeso
1465 348 1525 385 vel
1548 348 1710 386 ocellum

1103 404 1167 441 Ad
1198 414 1398 442 curvosum
1429 409 1464 441 et
1495 405 1684 442 misellum

1158 460 1346 498 Converte
1376 461 1618 508 mancipium.

1107 607 1234 657 Virgo,
1268 611 1371 645 tuam
1404 612 1470 644 tuo
1501 618 1625 654 servo,

1104 663 1175 710 Qui
1207 664 1358 701 virtutis
1388 668 1492 701 caret
1522 675 1650 712 nervo,

1161 720 1345 758 Dextram
1376 725 1465 767 peto
1495 720 1652 767 porrigi,

1105 777 1265 822 Quando
1296 777 1416 825 labor,
1447 782 1527 814 esto
1558 786 1689 826 prope,

1108 834 1224 871 Cuius
1257 832 1391 882 fulcro,
1426 834 1532 871 cuius
1563 844 1634 881 ope

1162 891 1280 938 Lapsi
1311 891 1435 927 solent
1465 891 1571 938 erigi.

1103 1038 1233 1084 Virgo,
1266 1037 1373 1074 verbi
1404 1038 1576 1085 genialis⁷

1106 1093 1214 1131 Tutis
1245 1098 1308 1131 tue
1321 1091 1355 1144 2)
1387 1099 1488 1131 tuum
1522 1094 1592 1131 alis

1159 1151 1210 1187 Et
1242 1155 1395 1187 extento
1427 1151 1595 1191 brachio,

1105 1207 1232 1245 Trahe
1252 1211 1357 1244 tuum
1379 1212 1465 1254 post
1486 1211 1523 1244 te
1545 1217 1710 1256 sursum,

1105 1264 1248 1301 Fausto
1280 1262 1400 1301 falsae
1430 1263 1532 1301 vitae
1559 1274 1712 1301 cursum

1164 1320 1354 1358 Claudens
1386 1321 1645 1367 completorio.

1108 1467 1238 1506 Scelus
1270 1478 1392 1504 meum
1424 1472 1461 1504 et
1488 1476 1692 1515 peccamen

1107 1525 1363 1572 Recognosco.
1391 1525 1492 1561 lente
1520 1529 1646 1560 tamen

1163 1581 1248 1618 Hoc
1279 1580 1420 1618 deflere
1449 1584 1591 1630 satago,

1109 1638 1287 1675 Irretitus
1319 1649 1400 1674 sum
1431 1637 1612 1687 peccatis,

1110 1694 1185 1732 Sed
1219 1694 1265 1731 de
1295 1698 1382 1731 tuae
1412 1694 1567 1741 pietatis

1166 1751 1282 1788 Vasto
1311 1750 1388 1788 fido
1418 1751 1566 1798 pelago,

1101 1898 1269 1935 Mentem
1279 1908 1400 1935 meam
1408 1898 1707 1948 premittrem0r‚

1104 1954 1196 1992 Cum
1213 1955 1383 2002 attendo,
1401 1955 1537 2001 quibus
1559 1964 1713 2001 premor

1158 2011 1209 2048 Et
1239 2015 1328 2058 quot
1359 2011 1469 2048 malis
1500 2011 1651 2058 sordeo,

1104 2067 1252 2104 Memor
1292 2068 1424 2104 horum
1454 2068 1493 2104 in
1522 2078 1590 2114 spe
1620 2070 1711 2104 nuto

1103 2123 1174 2160 Tui
1205 2134 1348 2160 memor
1378 2130 1415 2160 te
1446 2124 1568 2160 saluto

1160 2180 1210 2217 Et
1241 2191 1345 2226 spem
1378 2180 1470 2216 mihi
1500 2180 1681 2226 spondeo.

1104 2328 1179 2365 Per
1209 2332 1246 2363 te
1277 2337 1386 2364 servo
1416 2331 1480 2364 tuo
1513 2327 1634 2376 detur,

1104 2384 1157 2422 Ut
1188 2384 1381 2432 hymnizet
1413 2387 1449 2420 et
1479 2384 1643 2420 laetetur

1161 2441 1205 2477 In
1238 2444 1425 2477 conventu
1456 2440 1644 2487 caelitum,

1106 2497 1183 2535 Ubi
1215 2496 1315 2533 cedit
1344 2507 1494 2533 maeror
1525 2496 1646 2545 melis,

1104 2553 1182 2592 Ubi
1214 2564 1286 2590 non
1318 2558 1371 2589 est
1403 2552 1575 2589 infirmae
1605 2553 1652 2590 lis

1162 2609 1295 2647 Carnis
1327 2614 1458 2646 contra
1489 2610 1677 2656 spiritum.
