1785 3111
691 68 956 108 —133-

291 177 329 216 2.
378 176 491 223 Legis
523 183 694 216 sacratae
726 183 867 220 sanctis
899 184 1113 222 cerimoniis

380 232 580 272 Subiectus
611 237 731 274 omnis
764 240 910 277 calamo
941 241 1111 279 Mosaico

378 289 568 337 Dignatur
598 303 693 341 esse,
726 295 790 341 qui
820 298 915 344 regit
948 297 1187 346 perfulgidos

375 347 419 383 In
451 358 539 384 aree
571 351 691 395 patris
723 353 876 390 ordines
905 356 1095 400 angelicos

379 403 607 452 Caelumque
638 411 779 445 terram
813 409 990 448 fundavit
1019 423 1062 449 ac
1094 413 1225 450 maria.

292 518 330 554 3.
378 518 583 565 Postquam
614 522 765 566 puellae
797 524 877 561 dies
909 525 1220 571 quadragesimus

373 574 442 611 Est
475 575 719 627 adimpletus,
751 579 858 617 iuxta
887 581 1006 628 legem
1040 582 1192 619 Domini

372 631 500 668 Maria
530 633 637 680 virgo
668 635 791 672 Iesum
824 643 993 674 sanctum
1025 649 1184 685 puerum

373 688 485 725 Ulnis
516 691 677 728 sacratis
708 694 842 740 templi
873 699 963 731 tunc
992 696 1030 732 in
1063 696 1171 733 atriis

372 745 477 782 Tulit
507 748 695 785 tremendi
727 751 909 796 genitoris
941 752 1103 790 unicum.

285 861 323 897 4.
369 859 498 896 Mater
530 860 642 897 beata
674 864 797 900 carnis
829 865 897 902 sub
929 865 1115 903 velamine

370 915 491 952 Deum
524 916 672 955 ferebat
703 922 842 958 umeris
875 923 1109 972 castissimis,

370 972 509 1010 Dulcia
540 974 684 1012 strictis
716 976 823 1015 basia
853 980 921 1015 sub
953 980 1067 1016 labiis

367 1029 514 1076 Deique
546 1032 626 1068 veri
657 1033 893 1082 hominisque
924 1037 1170 1083 impresserat

368 1086 446 1134 Ori,
479 1086 633 1125 iubente
664 1101 735 1137 quo
767 1098 854 1129 sunt
886 1099 1021 1131 cuncta
1054 1094 1220 1134 condita.

283 1200 320 1238 5.
367 1199 471 1237 Duos
503 1206 682 1247 parentes
714 1205 883 1243 tulerunt
914 1207 1139 1244 candidulos

370 1257 501 1294 Pullos
534 1259 730 1297 columbae
761 1262 933 1300 lacteolis
966 1264 1159 1310 plumulis

366 1313 517 1351 Dedere
547 1315 586 1352 in
617 1318 759 1365 templo
790 1331 860 1366 par
891 1332 960 1367 pro
992 1331 1035 1358 eo
1068 1324 1270 1371 turturum,

366 1370 479 1417 Legis
510 1373 627 1410 veluti
659 1376 926 1423 promulgabat
958 1378 1116 1427 sanctio,

366 1428 503 1473 Quales
534 1436 710 1475 perustas
743 1439 1009 1471 consecrarent
1041 1435 1198 1473 hostias,

280 1541 317 1579 6.
363 1540 436 1577 Dei
467 1543 646 1580 sacerdos
677 1545 842 1597 humilis,
876 1547 1098 1584 mitissimus

362 1598 461 1635 Erat
489 1599 528 1636 in
559 1600 665 1651 urbe,
699 1602 830 1653 iustus,
864 1615 978 1641 senex
1010 1605 1188 1652 optimus,

361 1654 472 1692 Felix
503 1656 635 1694 beatus
668 1658 817 1697 Simeon
850 1660 1021 1699 caelifluo

362 1711 575 1759 Sanctoque
605 1715 740 1761 plenus
771 1716 896 1754 adfuit
926 1719 1133 1765 spiramine

362 1767 479 1806 Sacra
509 1771 579 1807 sub
611 1773 698 1810 aula
727 1779 820 1811 nutu
851 1775 924 1811 Dei
956 1777 1140 1815 concitus.

277 1881 313 1919 7.
360 1882 435 1920 Hic
465 1894 627 1931 namque
659 1887 802 1924 dudum
833 1899 1058 1935 responsum
1090 1896 1292 1938 acceperat

360 1939 499 1977 Sancto
531 1941 690 1980 docente
722 1945 873 1993 spiritu,
907 1947 1008 1993 quod
1041 1947 1191 1985 vinculo

356 1996 495 2033 Mortis
526 2000 666 2037 resolvi
696 2013 771 2038 non
801 2003 922 2050 possit
956 2004 1002 2040 de
1034 2015 1206 2053 corpore,

356 2052 487 2090 Donec
517 2055 667 2093 videret
699 2058 893 2096 Christum
926 2061 1056 2098 vivens
1088 2062 1253 2113 Domini,

356 2109 473 2155 Quem
504 2112 606 2150 misit
637 2115 724 2152 altis
755 2116 904 2163 genitor
936 2118 982 2155 de
1014 2118 1130 2157 soliis.

271 2222 310 2261 8.
358 2222 532 2271 Suscepit
563 2236 652 2273 ergo
682 2239 842 2274 puerum
874 2230 913 2267 in
946 2232 1119 2269 manibus

354 2280 484 2327 Agens
516 2294 679 2329 superno
710 2287 874 2332 genitori
907 2289 1062 2335 gratias,

354 2336 464 2374 Ulnis
496 2344 689 2378 letentans
721 2342 919 2380 benedixit
949 2346 1165 2394 Dominum,

353 2395 495 2431 Amore
525 2397 659 2443 plenus
693 2401 821 2437 cordis
854 2412 936 2438 cum
970 2402 1184 2453 dulcedine,

351 2450 512 2489 Addens
543 2458 579 2489 et
609 2455 686 2492 alto
718 2467 892 2495 sermone
924 2459 1151 2499 subintulit:

267 2563 305 2599 9.
353 2563 512 2601 Dimitte
544 2570 661 2615 tuum
696 2567 871 2619 Domine,
904 2584 1004 2609 nunc
1035 2574 1206 2626 obsecro,

351 2620 394 2656 In
425 2632 520 2668 pace
551 2634 715 2673 servum
749 2628 836 2674 quia
868 2629 959 2666 meis
992 2632 1112 2668 meiui

351 2676 471 2714 Tuum
504 2680 636 2717 videre
667 2684 836 2721 salutare
868 2686 1024 2733 visibus,

348 2733 726 2784 Quodpraeparasti
758 2742 900 2787 pietate
931 2744 1041 2781 unica

347 2791 449 2827 Ante
479 2797 626 2831 tuorum
658 2798 883 2844 populorum
917 2798 1065 2845 faciem,
