1785 3111
167 162 232 200 37.

160 1423 227 1460 40.

160 1843 226 1882 41.

163 2263 230 2301 42.

792 47 1102 88 —634—

278 162 375 208 Ave,
409 161 513 198 cuius
544 161 608 208 pia
640 161 776 199 dextra

279 217 550 255 Sordescentes
581 218 695 267 intus,
728 221 836 256 extra

336 274 402 311 Pie
433 275 530 312 solet
559 278 708 321 tergere

277 330 328 367 Et
362 331 514 368 deterso
547 332 681 378 culpae
712 341 827 369 caeno

275 387 477 426 Serenatos
507 388 546 425 in
577 398 711 425 sereno

333 445 464 492 Regno
494 445 566 482 Dei
597 455 750 492 ponere.

200 582 228 617 Ὗ.
277 582 373 631 Ave,
406 582 526 629 virgo,
559 582 668 629 virga
698 583 814 627 Iesse,

277 638 395 684 Quam
426 639 601 675 caelestis
633 637 825 676 indefesse

334 695 485 733 Laudat
517 696 654 733 chorus
685 696 824 745 curiae,

274 751 326 788 Et
355 752 603 789 succumbunt
625 762 754 789 omnes
774 752 911 790 Musae

275 809 532 846 Laudatorum
565 809 634 846 sub
668 809 825 847 diffusae

333 865 506 903 Pondere
536 866 730 905 materiae.

222 1031 229 1039 .
278 1003 375 1050 Ave,
409 1002 527 1051 virgo,
561 1006 694 1051 mater,
727 1002 864 1050 gaude,

276 1057 390 1095 Cuius
422 1058 459 1095 in
493 1059 663 1096 canenda
694 1058 807 1096 laude

330 1116 407 1152 Par
435 1118 491 1151 est
519 1115 670 1152 Cherub
703 1115 846 1152 cherilo
862 1113 910 1166 ¹),

276 1169 379 1210 Satis
415 1172 517 1209 culta
548 1172 628 1209 sine
661 1173 762 1209 cultu

279 1229 455 1266 Fratrem
473 1228 644 1266 Phoebes
667 1229 787 1267 vincis
805 1229 912 1266 vultu

335 1285 572 1323 Rutilantem
604 1286 731 1324 rutilo.

275 1419 373 1470 Ave,
407 1422 545 1459 victrix
577 1422 696 1459 hostis
728 1422 844 1467 saevi,

276 1478 466 1516 Claudens
476 1480 597 1517 Deum
611 1479 776 1516 claustro
789 1478 909 1527 brevi,

330 1535 512 1582 Magnum
543 1547 663 1583 parvo
694 1536 865 1582 metiens,

276 1593 320 1630 In
353 1591 583 1629 frumentum
610 1593 733 1630 carnis
756 1591 907 1630 foenum

274 1649 326 1696 Et
355 1649 392 1685 in
425 1660 556 1686 aurum
590 1650 706 1687 vertis
747 1661 903 1687 caenum

332 1705 459 1743 Verbo
492 1717 642 1743 carnem
675 1707 820 1745 uniens.

275 1843 370 1891 Ave,
405 1842 509 1879 cuius
541 1844 682 1888 speciei

276 1898 506 1944 Comparata
534 1899 600 1935 lux
634 1899 709 1936 dici

335 1955 461 1992 Sudae
491 1966 567 1993 nox
602 1960 658 1992 est
689 1955 870 2002 horrida;

276 2011 451 2050 Phoebus
461 2010 585 2057 funus,
597 2012 741 2050 caelum
751 2022 920 2060 caenum,

275 2069 384 2106 Luna
414 2069 537 2117 limus,
570 2069 643 2106 mel
676 2079 872 2119 venenum,

334 2125 461 2163 Favus
493 2126 763 2173 coloquintida.

277 2261 373 2307 Ave,
407 2265 512 2298 casta
544 2272 683 2308 sponsa
714 2261 799 2308 Dei,

278 2319 381 2364 Quae
410 2317 544 2355 beatae
577 2316 690 2355 faciei

338 2374 436 2411 Nive
467 2375 573 2411 nives
605 2385 775 2421 superas,

280 2432 382 2478 Quae
396 2442 466 2477 per
478 2431 621 2468 vultum
630 2429 916 2478 praefulgorum

230 2535 235 2539 ι
279 2487 500 2534 Aquilinam
533 2488 750 2535 angelorum

334 2544 467 2581 Aeiem
500 2544 734 2584 reverberas,

280 2688 304 2729 ¹)
340 2689 444 2721 chilo.
469 2706 512 2710 ——

278 2732 306 2774 ²)
340 2735 479 2766 chorda.
507 2751 547 2756 —

277 2777 304 2819 ³)
340 2779 568 2812 ardescendit.
593 2797 638 2802 —

983 164 1049 202 43.

983 584 1049 621 44.

983 1003 1049 1041 45.

985 1423 1052 1462 46.

982 1845 1049 1884 47.

987 2262 1055 2303 48.

1096 163 1190 212 Ave,
1224 162 1344 212 virgo,
1379 173 1443 200 vas
1473 166 1646 210 argutum

1095 218 1322 266 Maiestatis,
1354 229 1450 265 quae
1481 220 1664 257 virtutum

1153 275 1324 313 Summas
1355 276 1481 324 carpis
1512 276 1678 324 semitas,

1094 333 1245 379 Expers
1275 332 1385 382 labis,
1419 343 1554 380 expers
1585 332 1724 382 sordis,

1097 389 1192 435 Quia
1223 389 1276 426 tui
1309 389 1471 427 chordas
1485 387 1519 439 2)
1552 389 1677 427 cordis

1154 446 1227 483 Dei
1258 446 1380 483 tendit
1392 443 1428 496 3)
1462 447 1613 485 caritas,

1098 584 1192 632 Ave,
1225 583 1344 629 virgo⁷
1377 592 1473 629 quae
1504 582 1675 619 diurnam

1096 640 1237 677 Facem
1268 639 1389 676 vincis
1421 643 1458 676 et
1487 642 1711 677 nocturnam

1153 696 1323 734 Radiosa
1355 695 1465 742 facie,

1097 753 1169 790 Tui
1201 753 1299 790 sacri
1332 753 1474 790 ventris
1509 752 1604 789 cista

1098 809 1230 846 Placet
1262 809 1427 855 Christo,
1460 809 1547 856 quia
1579 809 1695 847 crista

1154 867 1271 904 Cares
1302 866 1554 913 arrogantiae.

1098 1003 1193 1051 Ave,
1226 1002 1408 1049 thymum,
1442 1002 1580 1051 caltha,
1611 1013 1712 1051 rosa,

1097 1058 1197 1096 Vitis
1230 1057 1338 1096 ferax
1371 1062 1408 1095 et
1438 1057 1619 1096 frondosa

1153 1115 1358 1162 Palmaque
1388 1115 1628 1165 vermicoma‚

1097 1172 1193 1218 Ave,
1227 1171 1377 1219 fornax,
1409 1173 1448 1209 in
1479 1183 1552 1219 qua
1581 1171 1719 1219 flagrat.

1097 1228 1148 1266 Et
1176 1227 1373 1276 flagrando
1403 1229 1522 1276 magis
1554 1227 1702 1277 fragrat

1155 1285 1305 1323 Caritas
1336 1285 1536 1332 ignicoma.

1099 1424 1194 1473 Ave,
1230 1422 1329 1459 doxa
1359 1422 1570 1470 virginalis,

1097 1479 1174 1516 Vas
1205 1479 1359 1516 arvinae
1390 1479 1587 1526 spiritalis,

1153 1535 1309 1573 Gratiae
1338 1535 1561 1580 lardarium,

1095 1591 1233 1630 Strena
1264 1592 1383 1641 pacis,
1416 1592 1531 1630 arrha
1561 1591 1674 1641 vitae,

1098 1649 1315 1687 Maiestatis
1346 1648 1518 1686 infinitae

1156 1705 1304 1744 Subtile
1335 1705 1613 1753 compendium.

1094 1844 1191 1891 Ave,
1225 1842 1321 1880 caeli
1352 1841 1481 1881 brevis
1511 1841 1607 1889 apis,

1097 1902 1201 1946 Quae
1234 1899 1281 1937 de
1311 1899 1384 1936 Dei
1415 1899 1499 1935 sinu
1529 1898 1633 1944 rapis

1153 1956 1402 1993 Redolentem
1433 1954 1629 1992 flosculum

1096 2013 1146 2050 Et
1179 2013 1226 2049 de
1256 2012 1349 2049 flore
1380 2012 1482 2058 sugis
1514 2010 1653 2059 favum,

1094 2069 1216 2107 Gustu
1248 2069 1353 2106 cuius
1384 2070 1433 2105 ad
1465 2072 1638 2105 octavum

1150 2126 1377 2164 Pervenitur
1409 2125 1616 2164 saeculum,

1104 2261 1197 2311 Ave,
1230 2264 1363 2310 mater,
1395 2270 1478 2307 ave,
1510 2260 1629 2307 virgo,

1103 2319 1219 2364 Quem
1251 2318 1289 2354 in
1311 2327 1455 2354 summo
1475 2316 1576 2354 vitae
1596 2326 1732 2364 pyrgo,

1158 2374 1334 2421 Quisquis
1365 2373 1500 2418 credit,
1532 2373 1697 2422 invocat,

1102 2432 1232 2477 Quam,
1251 2431 1312 2478 qui
1325 2434 1449 2467 motor
1460 2434 1517 2467 est
1529 2429 1730 2480 caelorum,

1102 2488 1224 2535 Super
1254 2487 1392 2524 trinam
1424 2487 1642 2534 angelorum

1158 2543 1388 2581 lerarchiam
1419 2543 1593 2582 collocat.
