1785 3111
875 69 956 110 568
1016 91 1071 96 —

347 199 433 219 f

245 196 1613 280 ΞῖΞςΞῖΞΞῖ-ῖ-ψ-ῖῖ-Ξ-ῖΞ-ῑζ-ζ-Ξῗίί

151 238 173 330 ξ
244 267 306 310 -’,
334 265 514 313 ὓ-ῑ;«,--
610 235 1728 381 ἢζζζςΞΞΞῖῑζ-ΐέ-Ξ-ἥῇ

230 316 792 359 --ᾏ-Ν--Ἣ-ἱ
976 296 1061 335 ι--Γ
1092 316 1206 336 —Q
1230 325 1378 349 -Νω
1387 324 1677 329 ———-————

304 388 336 420 A
581 404 592 408 -

243 479 327 509 Zum
343 476 504 509 Schlusse
523 478 613 509 noch
630 478 686 510 die
703 478 932 520 Bemerhmg,
951 477 1026 509 dass
1047 478 1108 509 das
1127 478 1214 509 Lied
1232 478 1328 509 nicht
1346 489 1411 509 nur
1428 479 1503 510 eine
1518 489 1729 521 sequenzen-

153 525 246 565 artig·
273 524 523 566 eingeriehtete
543 523 695 555 Melodie
721 524 827 561 hatte,
855 523 1004 555 sondern
1030 523 1105 555 dass
1132 534 1167 555 es
1185 524 1375 555 vereinzelt
1392 524 1480 555 auch
1500 526 1551 555 als
1571 524 1729 565 Sequeuz

151 569 342 611 liturgisch
369 570 513 601 benutzt
536 569 663 605 wurde,
691 580 728 600 so
755 570 791 600 in
816 569 876 600 der
900 570 1010 600 Missa
1036 570 1158 600 votiva
1182 569 1223 600 de
1248 570 1389 600 nomine
1414 570 1495 601 Iesu
1520 571 1566 601 im
1585 570 1729 602 Missale

155 616 316 646 Fratrum
343 616 383 646 B.
410 616 545 646 Mariae
569 614 611 646 de
635 614 805 653 Mercede,
833 615 914 656 imp.
941 615 1160 646 Barcinonae
1190 612 1274 646 1507
1299 615 1401 646 (Hibl.
1429 615 1474 646 du
1500 615 1624 647 Mans).

558 759 624 794 389.
671 760 728 799 ι2.)
767 758 953 795 Officium
980 759 1147 794 sanctae
1177 759 1334 795 Crucis.

754 820 783 850 A
794 819 814 849 d
839 819 874 850 M
885 829 904 849 a
915 822 928 850 t
939 829 960 850 u
970 822 983 849 t
994 819 1004 849 i
1014 817 1071 850 n'u
1081 830 1124 850 in.

152 889 188 926 1.
238 888 280 924 In
312 888 488 934 passione
516 888 681 933 Domini,

235 944 316 990 Qua
350 944 467 982 datur
497 945 598 981 salus
628 944 783 989 homini,

236 1001 294 1038 Sit.
326 1005 496 1037 nostrum
530 1000 772 1047 refrigerium

232 1058 283 1095 Et
319 1058 444 1095 cordis
479 1058 725 1096 desiderium.

234 1149 432 1185 Portemus
464 1148 502 1185 in
530 1149 713 1186 memoria

232 1205 283 1242 Et
314 1216 456 1251 poenas
489 1210 525 1242 et
557 1205 765 1252 opprobria

233 1262 389 1311 Christi,
424 1272 598 1299 coronam
632 1262 816 1308 spineam,

235 1320 409 1368 Crucem,
444 1319 570 1369 clavos
603 1323 639 1355 et
670 1319 855 1357 lanceam.

230 1409 281 1446 Et
311 1409 447 1457 plagas
479 1409 769 1459 sacratissimas,

231 1466 341 1504 Omni
372 1466 485 1503 laude
518 1466 777 1513 dignissimas,

230 1525 403 1572 Acetum,
437 1521 503 1569 fel,
537 1523 776 1561 arundinem.

229 1579 367 1618 Mortis
399 1580 709 1618 amaritudinem.

979 890 1017 925 4.
1064 888 1171 925 Haeo
1201 888 1326 925 omnia
1356 899 1422 925 nos
1454 889 1592 925 satient

1062 945 1113 982 Et
1146 945 1309 982 dulciter
1339 945 1541 994 inebrient,

1061 1001 1140 1038 Nos
1171 1002 1346 1048 repleant
1377 1002 1582 1039 virtutibus

1062 1058 1113 1095 Et
1143 1058 1320 1107 gloriosis
1350 1057 1550 1097 fructibus.

1012 1178 1020 1186 .
1067 1149 1122 1185 Te
1154 1148 1371 1186 crucifixum
1405 1149 1560 1186 colimus

1063 1205 1115 1242 Et
1145 1210 1224 1242 toto
1257 1206 1370 1243 corde
1401 1206 1602 1254 poscimus,

1064 1262 1116 1300 Ut
1147 1273 1215 1299 nos
1246 1267 1461 1299 sanctorum
1494 1263 1661 1300 coetibus

1068 1318 1282 1365 Coniungas
1313 1319 1351 1355 in
1383 1319 1613 1358 caelistibuS.

1060 1411 1173 1449 Laus.
1205 1409 1325 1447 honor
1356 1410 1509 1448 Christo
1540 1411 1694 1448 vendito

1061 1467 1111 1504 Et
1144 1467 1224 1502 sine
1257 1478 1369 1504 causa
1401 1467 1566 1518 prodito,

1062 1525 1179 1561 Passo
1210 1528 1369 1560 mortem
1401 1535 1470 1570 pro
1501 1524 1645 1571 populo

1062 1581 1105 1617 In
1136 1590 1272 1626 aspero
1303 1580 1487 1626 patibulo.

794 1703 853 1734 Ad
879 1702 1031 1734 Laude
1047 1714 1072 1735 S.

230 1771 419 1808 Christum
453 1772 598 1818 ducem,

227 1828 297 1872 Qui
329 1838 398 1873 per
430 1839 578 1865 crucem

284 1884 459 1921 Redemit
493 1896 559 1921 nos
590 1885 638 1922 ab
671 1885 854 1931 hostibus,

226 1940 376 1977 Laudet
409 1946 536 1978 coetus

227 1997 369 2034 Noster
398 1998 531 2047 laetus,

282 2054 459 2092 Ersultet
491 2054 637 2092 caelum
669 2055 863 2094 laudibus.

225 2145 353 2182 Poena
384 2143 494 2182 fortis

225 2202 327 2239 Tuae
359 2202 490 2239 mortis

280 2259 331 2295 Et
362 2259 556 2306 sanguinis
588 2259 716 2296 effusio

226 2315 353 2353 Corda
382 2320 520 2362 terant⁷

225 2372 277 2410 Ut
308 2376 345 2407 te
375 2377 571 2418 quaerant,

278 2427 383 2478 Iesu,
418 2430 554 2467 nostra
584 2429 812 2480 redemptio.

619 2523 655 2559 5.
704 2520 896 2557 Passionis

702 2577 804 2614 'l‘uae
837 2577 945 2614 donis

762 2633 937 2671 Salvator

701 2692 783 2736 Qua
814 2690 939 2727 fidelis

700 2746 801 2783 Dare
834 2747 926 2783 velis

973 1774 1009 1811 3.
1059 1772 1133 1808 Per
1165 1771 1295 1810 felices

1053 1828 1272 1878 Cicatrices,

1110 1886 1242 1935 Sputa,
1276 1886 1439 1936 flagella,
1473 1886 1645 1937 verbera,

1052 1941 1172 1980 Nobis
1203 1948 1311 1991 grata

1052 1997 1134 2036 Sint
1168 2001 1306 2037 collata

1105 2053 1283 2095 Aeterna
1316 2056 1462 2096 Christi
1492 2069 1669 2097 munera.

965 2149 1001 2184 4.
1049 2146 1231 2184 Nostrum
1263 2152 1393 2195 tangat

1049 2204 1135 2252 Cor,
1168 2210 1208 2240 ut
1240 2204 1408 2251 plangat,

1105 2261 1271 2298 Tuorum
1313 2263 1464 2309 sanguis
1504 2262 1714 2311 vulnerum,

1048 2318 1092 2354 In
1124 2329 1196 2364 quo
1227 2319 1294 2354 toti

1050 2374 1173 2412 Simus
1206 2375 1285 2423 loti,

1109 2431 1294 2469 Conditor
1326 2428 1427 2468 alme
1455 2431 1639 2470 siderum.

968 2645 1035 2672 nos
1067 2634 1229 2680 inebria,

747 2803 872 2840 Beata
904 2802 1015 2841 nobis
1044 2803 1205 2850 gaudia,
