1785 3111
857 61 910 100 62

541 217 599 253 54.
636 218 693 260 (l.)
730 218 905 262 Hymnus
931 217 1211 261 Vespert'mus.

123 314 158 352 1.
191 313 376 360 Nigrante
408 316 547 351 tectam
578 311 695 359 pallio

188 371 268 406 Iam
300 374 402 407 terra
432 373 580 406 noctem
613 368 783 415 suscipit,

190 427 240 464 Ut
271 426 356 463 viva
388 426 489 463 dulci
521 424 653 462 funere

186 483 512 520 Reconvalescant
543 493 716 528 corpora.

121 598 158 634 2.
191 595 329 633 Mortis
359 594 479 642 figura
509 595 687 632 blandior

190 653 346 689 Bustum
380 652 527 698 soporis
559 652 748 699 admovet,

192 708 342 746 Anhela
372 709 466 745 lucis
497 708 664 745 aestibus

190 765 288 802 Dum
320 775 425 802 mens
456 766 617 812 tepescit
647 765 737 802 otio.

126 880 162 916 3.
197 878 292 922 Lux,
321 877 483 925 Christe,
516 878 605 921 vita,
639 878 792 926 veritas,

194 935 251 971 Ne
283 933 391 972 fusca
421 935 541 971 somni
572 939 745 981 tempora

193 991 319 1028 Tetris
351 996 485 1038 parata
517 991 749 1028 umbraculis

195 1047 273 1084 Nos
304 1049 353 1085 ad
386 1047 563 1085 tenebras
595 1053 763 1097 evocent,

125 1151 163 1189 4.
198 1149 281 1187 Nex
314 1150 417 1187 nulla
449 1161 516 1187 nos
548 1149 687 1187 subdat
719 1149 792 1187 sibi

194 1208 240 1244 In
271 1206 393 1243 noctis
424 1211 530 1243 atrae
561 1207 737 1256 tegmine,

192 1263 267 1300 Sed
299 1273 368 1301 nec
400 1263 536 1300 caloris
569 1263 664 1300 ebrii

192 1320 357 1357 Mentita
388 1321 521 1367 pingat
552 1331 725 1368 corpora,

940 313 977 350 5.
1009 312 1150 348 Verum
1181 316 1326 348 reatum
1358 311 1495 348 nesciis

1008 368 1114 405 Falsi
1144 368 1364 405 ministrans
1397 368 1578 405 criminis.

1007 425 1064 462 Tu
1095 436 1165 471 per
1195 425 1332 472 quietis
1363 434 1520 461 munera

1007 481 1170 527 Assiste‚
1204 487 1329 518 custos
1360 481 1537 528 pervigil.

941 596 977 633 6.
1013 595 1142 632 Hostis
1174 595 1306 642 procul
1337 595 1386 631 sit
1418 594 1603 639 callidus3

1010 652 1118 697 Quod
1148 651 1279 696 laedit,
1311 651 1407 688 illud
1440 651 1614 697 dormiat,

1006 708 1077 754 Qui
1110 708 1222 745 dente
1253 718 1365 744 saevo
1396 708 1576 744 mandere

1011 764 1141 802 Certat
1174 764 1354 801 cubantes
1385 764 1548 810 lectulis,

972 908 980 916 .
1014 877 1087 914 Hic
1117 877 1286 914 membra
1317 877 1465 914 vinctus
1498 871 1625 925 lugeat

1013 935 1173 971 Pulsare
1203 945 1298 979 sese,
1331 945 1423 981 quos
1455 932 1574 974 foves,

1012 991 1196 1028 Madente
1227 1001 1340 1028 carne
1371 991 1528 1037 spiritus

1014 1047 1099 1084 Non
1131 1052 1308 1084 enecetur
1337 1046 1556 1095 naufragus,

974 1181 982 1189 .
1016 1150 1133 1188 Ornet
1165 1149 1288 1186 cubile
1320 1150 1486 1195 castitas,

1015 1209 1117 1253 Quae
1147 1207 1270 1254 prima
1301 1207 1484 1244 virtutum
1515 1206 1641 1255 micat,

1015 1264 1127 1300 Vivat
1158 1262 1253 1300 fides
1285 1264 1322 1300 in
1354 1268 1520 1312 pectore,

1011 1321 1114 1365 Quae
1144 1320 1227 1357 luce
1258 1324 1393 1358 vernat
1422 1320 1585 1367 perpeti.

205 1419 233 1459 1,
259 1418 280 1452 3
305 1421 403 1451 dulce
423 1421 462 1452 B.
485 1438 517 1441 —
550 1418 579 1459 2,
606 1418 627 1452 3
653 1421 755 1452 anela
773 1422 810 1452 B.
828 1439 872 1443 --
889 1418 920 1457 2,
945 1419 966 1452 4
983 1424 1137 1462 tepescet
1154 1421 1192 1452 B.
1210 1439 1255 1441 —
1271 1418 1302 1460 4,
1331 1419 1345 1452 1
1368 1421 1446 1452 Nox
1463 1420 1561 1452 nulla
1578 1421 1617 1451 B.
1636 1437 1678 1442 —-

109 1465 147 1505 5,
174 1465 196 1497 4
220 1466 324 1497 Adsit
356 1470 389 1497 te
423 1470 540 1497 custus
568 1468 605 1497 B.
631 1484 676 1487 —
702 1464 740 1505 7,
764 1465 787 1497 4
812 1477 902 1498 none
927 1470 1069 1498 necetur
1094 1467 1132 1497 B.
1160 1484 1198 1487 —
1231 1464 1269 1503 8,
1304 1464 1326 1497 4
1351 1466 1533 1507 quiacluce
1557 1470 1680 1498 vernat

109 1513 242 1553 perpeti
268 1512 306 1543 B.
340 1529 384 1532 μ
420 1512 601 1552 „Hymnus
640 1513 861 1553 vespertinus
895 1512 1007 1543 dictus
1042 1522 1062 1543 a
1096 1512 1221 1543 domno
1255 1512 1452 1543 E11n0di0*·.
1478 1512 1515 1543 B.
1547 1528 1591 1532 —
1616 1512 1679 1543 Bei

108 1557 330 1595 Thomasius,
356 1558 447 1598 Opp.
473 1558 598 1589 Omnia
622 1556 687 1596 (ed.
714 1557 874 1596 Vezzosi)
899 1558 944 1596 ΙΙ,
969 1555 1037 1589 420
1063 1557 1151 1589 ohne
1178 1557 1475 1599 Quellenangabe.

472 1702 531 1738 55.
567 1702 625 1744 (2.)
664 1703 838 1746 Hymnus
865 1703 1058 1747 Tempore
1085 1702 1309 1739 Tristitiae.

126 1798 161 1836 1.
197 1797 312 1835 Deus.
345 1807 510 1843 perenne
540 1797 731 1844 gaudium,

195 1855 287 1899 Pax,
322 1853 484 1899 Christe,
519 1854 644 1890 cordis
676 1854 779 1891 anxii

199 1912 410 1956 Portusque
440 1909 714 1957 fluctuantium,

191 1968 307 2012 Quem
348 1977 416 2003 nec
461 1967 651 2014 procella,
695 1967 860 2004 turbidis

123 2070 160 2107 2.
194 2069 232 2106 Si
266 2072 393 2104 verrat
423 2068 498 2105 ima
529 2068 705 2114 motibus,

195 2125 322 2162 Potest
355 2123 487 2171 fugare
518 2136 539 2162 a
571 2130 737 2173 pectore,

194 2181 264 2226 Qui
296 2192 417 2218 mersa
450 2186 566 2228 ponto
597 2182 785 2228 sublevas⁴

194 2238 263 2282 Qui
295 2237 495 2284 subiugata
526 2239 699 2285 sarcinis,

127 2341 164 2377 3.
197 2336 265 2384 Qui
311 2338 385 2375 dux
426 2339 634 2385 prophetae
671 2339 858 2389 naufragi,

198 2396 296 2432 Dum
331 2395 420 2432 vivit
454 2406 538 2432 esca
571 2397 716 2438 beluae,

198 2452 295 2489 Dum
316 2452 433 2487 nescit
452 2463 604 2498 aequor„
624 2454 723 2499 quod
742 2458 858 2499 tenet,

198 2509 332 2545 Tutum
367 2506 488 2544 ferino
520 2520 539 2544 e
570 2514 721 2555 gutture

127 2613 165 2649 4.
198 2611 366 2647 Exactor
398 2609 592 2656 abrumpis
625 2611 763 2652 cibum.

198 2667 292 2704 Diro
324 2666 501 2703 reductus
533 2668 686 2715 remige,

198 2724 362 2760 Custode
393 2723 519 2760 salvus
551 2725 730 2770 pessimo,

198 2782 325 2827 Vates,
359 2780 505 2816 locutus
537 2785 574 2816 te
607 2780 740 2829 Deum,

946 1801 983 1835 5.
1016 1797 1123 1834 Tunc
1153 1797 1256 1834 iussa
1286 1797 1402 1844 gessit
1433 1795 1582 1838 fortior.

1016 1855 1215 1891 Immunda
1246 1854 1411 1901 lymphis
1443 1854 1611 1891 sobrium

1016 1911 1090 1947 Per
1121 1911 1232 1948 busta
1262 1911 1375 1947 terris
1406 1915 1586 1959 vexerat,

1017 1968 1159 2005 Vivens
1190 1968 1367 2015 sepulcra
1398 1967 1568 2016 pertulit,

944 2071 982 2107 6.
1013 2069 1185 2106 Viventis
1216 2080 1334 2107 urnae
1365 2069 1580 2118 prandium,

1014 2126 1171 2163 Secreta
1202 2127 1275 2163 ceti
1305 2126 1478 2173 prodidit

1014 2183 1138 2219 Testis
1170 2184 1357 2220 verendus
1388 2182 1524 2221 intimi.

1015 2239 1077 2276 Sic
1107 2250 1175 2276 nos
1205 2250 1417 2286 precamur,
1462 2250 1528 2276 rex
1560 2239 1677 2287 Deus,

975 2372 983 2380 .
1015 2342 1192 2378 Maerore
1225 2340 1368 2378 fractos
1399 2345 1438 2378 ut
1471 2341 1594 2378 cibum

1016 2398 1074 2434 De
1106 2402 1237 2434 ventre
1269 2409 1443 2435 curarum
1476 2409 1583 2446 rape.

1021 2454 1121 2491 Vivit
1151 2454 1340 2503 medullis,
1374 2455 1474 2501 quod
1505 2459 1629 2501 necat,

1017 2510 1235 2547 Turbantur
1265 2512 1344 2548 alta
1374 2512 1577 2560 viscerum,

976 2643 984 2652 .
1016 2613 1057 2649 ln
1091 2611 1194 2649 fonte
1226 2613 1350 2649 carnis
1383 2613 1499 2650 ardor
1529 2616 1598 2659 est,

1016 2670 1082 2714 Qui
1117 2670 1265 2717 mergit,
1297 2671 1386 2714 urit,
1419 2669 1572 2718 adticit3

1016 2726 1104 2773 Sed,
1137 2726 1169 2762 si
1200 2736 1354 2763 serenus
1386 2727 1539 2772 aspicis,

1017 2784 1199 2819 Pressura
1230 2783 1354 2829 gignet
1387 2784 1578 2830 gaudium.
