<?xml version="1.0" encoding="UTF-8"?>
<!DOCTYPE html PUBLIC "-//W3C//DTD XHTML 1.0 Transitional//EN"
    "http://www.w3.org/TR/xhtml1/DTD/xhtml1-transitional.dtd">
<html xmlns="http://www.w3.org/1999/xhtml" xml:lang="en" lang="en">
 <head>
  <title>
</title>
<meta http-equiv="Content-Type" content="text/html;charset=utf-8" />
  <meta name='ocr-system' content='tesseract 3.04.00' />
  <meta name='ocr-capabilities' content='ocr_page ocr_carea ocr_par ocr_line ocrx_word'/>
</head>
<body>
  <div class='ocr_page' id='page_1' title='image "./analectahymnicam50drevuoft/analectahymnicam50drevuoft_0547.png"; bbox 0 0 1785 3111; ppageno 0'>
   <div class='ocr_carea' id='block_1_1' title="bbox 667 76 975 116">
    <p class='ocr_par' dir='ltr' id='par_1_1' title="bbox 667 76 975 116">
     <span class='ocr_line' id='line_1_1' title="bbox 667 76 975 116; baseline 0.006 -1"><span class='ocrx_word' id='word_1_1' title='bbox 667 76 975 116; x_wconf 79' lang='lat'>—523—</span> 
     </span>
    </p>
   </div>
   <div class='ocr_carea' id='block_1_2' title="bbox 39 189 1608 1491">
    <p class='ocr_par' dir='ltr' id='par_1_2' title="bbox 39 189 1608 1491">
     <span class='ocr_line' id='line_1_2' title="bbox 41 189 1587 241; baseline -0.001 -13"><span class='ocrx_word' id='word_1_2' title='bbox 41 193 78 230; x_wconf 82' lang='lat'>3.</span> <span class='ocrx_word' id='word_1_3' title='bbox 125 190 209 228; x_wconf 91' lang='lat' dir='ltr'>Hoc</span> <span class='ocrx_word' id='word_1_4' title='bbox 240 189 371 228; x_wconf 87' lang='lat' dir='ltr'>audito</span> <span class='ocrx_word' id='word_1_5' title='bbox 400 190 516 227; x_wconf 86' lang='lat' dir='ltr'>iudex</span> <span class='ocrx_word' id='word_1_6' title='bbox 548 190 679 236; x_wconf 85' lang='lat' dir='ltr'>quaeri</span> <span class='ocrx_word' id='word_1_7' title='bbox 862 192 900 231; x_wconf 85' lang='lat'>5.</span> <span class='ocrx_word' id='word_1_8' title='bbox 946 192 1037 229; x_wconf 85' lang='lat' dir='ltr'>Post</span> <span class='ocrx_word' id='word_1_9' title='bbox 1069 194 1268 237; x_wconf 81' lang='lat' dir='ltr'>tormenta,</span> <span class='ocrx_word' id='word_1_10' title='bbox 1305 194 1391 241; x_wconf 88' lang='lat' dir='ltr'>post</span> <span class='ocrx_word' id='word_1_11' title='bbox 1423 189 1587 232; x_wconf 79' lang='lat' dir='ltr'>labores,</span> 
     </span>
     <span class='ocr_line' id='line_1_3' title="bbox 126 245 1544 294; baseline -0.002 -9"><span class='ocrx_word' id='word_1_12' title='bbox 126 246 236 285; x_wconf 89' lang='lat' dir='ltr'>Iubet</span> <span class='ocrx_word' id='word_1_13' title='bbox 268 256 331 284; x_wconf 90' lang='lat' dir='ltr'>eos</span> <span class='ocrx_word' id='word_1_14' title='bbox 363 250 400 284; x_wconf 92' lang='lat' dir='ltr'>et</span> <span class='ocrx_word' id='word_1_15' title='bbox 429 247 620 294; x_wconf 84' lang='lat' dir='ltr'>torqueri3</span> <span class='ocrx_word' id='word_1_16' title='bbox 948 248 1037 284; x_wconf 85' lang='lat' dir='ltr'>Post</span> <span class='ocrx_word' id='word_1_17' title='bbox 1068 245 1230 294; x_wconf 71' lang='lat' dir='ltr'>flagella,</span> <span class='ocrx_word' id='word_1_18' title='bbox 1263 251 1349 293; x_wconf 86' lang='lat' dir='ltr'>post</span> <span class='ocrx_word' id='word_1_19' title='bbox 1381 246 1544 291; x_wconf 80' lang='lat' dir='ltr'>dolores,</span> 
     </span>
     <span class='ocr_line' id='line_1_4' title="bbox 182 302 1543 352; baseline -0.001 -11"><span class='ocrx_word' id='word_1_20' title='bbox 182 302 360 341; x_wconf 89' lang='lat' dir='ltr'>Infideles</span> <span class='ocrx_word' id='word_1_21' title='bbox 390 307 504 350; x_wconf 91' lang='lat' dir='ltr'>atque</span> <span class='ocrx_word' id='word_1_22' title='bbox 534 303 590 340; x_wconf 89' lang='lat' dir='ltr'>rei</span> <span class='ocrx_word' id='word_1_23' title='bbox 1003 303 1117 351; x_wconf 84' lang='lat' dir='ltr'>Signo</span> <span class='ocrx_word' id='word_1_24' title='bbox 1149 303 1293 342; x_wconf 85' lang='lat' dir='ltr'>Christi</span> <span class='ocrx_word' id='word_1_25' title='bbox 1323 303 1543 352; x_wconf 88' lang='lat' dir='ltr'>triumphali</span> 
     </span>
     <span class='ocr_line' id='line_1_5' title="bbox 184 359 1438 407; baseline -0.002 -9"><span class='ocrx_word' id='word_1_26' title='bbox 184 359 389 398; x_wconf 86' lang='lat' dir='ltr'>Catenatos</span> <span class='ocrx_word' id='word_1_27' title='bbox 420 371 550 399; x_wconf 85' lang='lat' dir='ltr'>servos</span> <span class='ocrx_word' id='word_1_28' title='bbox 581 360 654 397; x_wconf 93' lang='lat' dir='ltr'>Dei</span> <span class='ocrx_word' id='word_1_29' title='bbox 1004 360 1249 406; x_wconf 79' lang='lat' dir='ltr'>Praelnuniti,</span> <span class='ocrx_word' id='word_1_30' title='bbox 1283 360 1438 407; x_wconf 86' lang='lat' dir='ltr'>capitali</span> 
     </span>
     <span class='ocr_line' id='line_1_6' title="bbox 240 416 1515 464; baseline 0.002 -10"><span class='ocrx_word' id='word_1_31' title='bbox 240 416 413 454; x_wconf 86' lang='lat' dir='ltr'><strong>Trahunt</strong></span> <span class='ocrx_word' id='word_1_32' title='bbox 443 417 492 454; x_wconf 87' lang='lat' dir='ltr'>ad</span> <span class='ocrx_word' id='word_1_33' title='bbox 523 417 765 464; x_wconf 89' lang='lat' dir='ltr'>supplicium.</span> <span class='ocrx_word' id='word_1_34' title='bbox 1060 417 1284 455; x_wconf 82' lang='lat' dir='ltr'>Flectuntur</span> <span class='ocrx_word' id='word_1_35' title='bbox 1314 417 1515 456; x_wconf 90' lang='lat' dir='ltr'>sententia.</span> 
     </span>
     <span class='ocr_line' id='line_1_7' title="bbox 126 473 1496 521; baseline -0.001 -9"><span class='ocrx_word' id='word_1_36' title='bbox 126 474 318 512; x_wconf 85' lang='lat' dir='ltr'>Sistuntur</span> <span class='ocrx_word' id='word_1_37' title='bbox 348 477 436 511; x_wconf 91' lang='lat' dir='ltr'>ante</span> <span class='ocrx_word' id='word_1_38' title='bbox 466 474 696 520; x_wconf 82' lang='lat' dir='ltr'>praesidem,</span> <span class='ocrx_word' id='word_1_39' title='bbox 946 475 1111 521; x_wconf 73' lang='lat' dir='ltr'>Quorum</span> <span class='ocrx_word' id='word_1_40' title='bbox 1144 474 1290 511; x_wconf 87' lang='lat' dir='ltr'>devotis</span> <span class='ocrx_word' id='word_1_41' title='bbox 1319 473 1496 520; x_wconf 76' lang='lat' dir='ltr'>precibus</span> 
     </span>
     <span class='ocr_line' id='line_1_8' title="bbox 124 529 1374 581; baseline -0.001 -13"><span class='ocrx_word' id='word_1_42' title='bbox 124 529 357 568; x_wconf 88' lang='lat' dir='ltr'>Profitentur</span> <span class='ocrx_word' id='word_1_43' title='bbox 387 530 514 568; x_wconf 84' lang='lat' dir='ltr'>veram</span> <span class='ocrx_word' id='word_1_44' title='bbox 546 529 672 581; x_wconf 89' lang='lat' dir='ltr'>fidem,</span> <span class='ocrx_word' id='word_1_45' title='bbox 946 531 1121 568; x_wconf 87' lang='lat' dir='ltr'>Irretitos</span> <span class='ocrx_word' id='word_1_46' title='bbox 1153 530 1374 568; x_wconf 85' lang='lat' dir='ltr'>criminibus</span> 
     </span>
     <span class='ocr_line' id='line_1_9' title="bbox 182 586 1496 634; baseline 0 -11"><span class='ocrx_word' id='word_1_47' title='bbox 182 587 445 634; x_wconf 86' lang='lat' dir='ltr'>Flagellantur</span> <span class='ocrx_word' id='word_1_48' title='bbox 475 598 498 624; x_wconf 87' lang='lat' dir='ltr'>a</span> <span class='ocrx_word' id='word_1_49' title='bbox 527 587 666 633; x_wconf 86' lang='lat' dir='ltr'>iudice,</span> <span class='ocrx_word' id='word_1_50' title='bbox 1004 587 1083 624; x_wconf 87' lang='lat' dir='ltr'>Nos</span> <span class='ocrx_word' id='word_1_51' title='bbox 1116 600 1138 624; x_wconf 86' lang='lat' dir='ltr'>a</span> <span class='ocrx_word' id='word_1_52' title='bbox 1169 587 1335 634; x_wconf 88' lang='lat' dir='ltr'>peccatis</span> <span class='ocrx_word' id='word_1_53' title='bbox 1367 586 1496 624; x_wconf 84' lang='lat' dir='ltr'>abluat</span> 
     </span>
     <span class='ocr_line' id='line_1_10' title="bbox 189 643 1534 691; baseline -0.001 -11"><span class='ocrx_word' id='word_1_54' title='bbox 189 643 380 681; x_wconf 84' lang='lat' dir='ltr'>Christum</span> <span class='ocrx_word' id='word_1_55' title='bbox 413 643 577 681; x_wconf 87' lang='lat' dir='ltr'>fatentes</span> <span class='ocrx_word' id='word_1_56' title='bbox 609 643 760 691; x_wconf 89' lang='lat' dir='ltr'>publice</span> <span class='ocrx_word' id='word_1_57' title='bbox 1004 644 1085 681; x_wconf 86' lang='lat' dir='ltr'>Rex</span> <span class='ocrx_word' id='word_1_58' title='bbox 1119 643 1293 680; x_wconf 86' lang='lat' dir='ltr'>caelestis</span> <span class='ocrx_word' id='word_1_59' title='bbox 1326 648 1363 680; x_wconf 90' lang='lat' dir='ltr'>et</span> <span class='ocrx_word' id='word_1_60' title='bbox 1394 648 1534 680; x_wconf 86' lang='lat' dir='ltr'>annuat</span> 
     </span>
     <span class='ocr_line' id='line_1_11' title="bbox 239 699 1482 747; baseline 0 -9"><span class='ocrx_word' id='word_1_61' title='bbox 239 701 378 738; x_wconf 88' lang='lat' dir='ltr'>Verum</span> <span class='ocrx_word' id='word_1_62' title='bbox 411 701 484 738; x_wconf 89' lang='lat' dir='ltr'>Dei</span> <span class='ocrx_word' id='word_1_63' title='bbox 515 699 645 739; x_wconf 89' lang='lat' dir='ltr'>filium.</span> <span class='ocrx_word' id='word_1_64' title='bbox 1061 700 1300 747; x_wconf 79' lang='lat' dir='ltr'>sempiterna</span> <span class='ocrx_word' id='word_1_65' title='bbox 1331 700 1482 747; x_wconf 84' lang='lat' dir='ltr'>gaudia.</span> 
     </span>
     <span class='ocr_line' id='line_1_12' title="bbox 39 817 1510 869; baseline -0.003 -10"><span class='ocrx_word' id='word_1_66' title='bbox 39 823 77 859; x_wconf 86' lang='lat'>4.</span> <span class='ocrx_word' id='word_1_67' title='bbox 121 819 368 857; x_wconf 88' lang='lat' dir='ltr'>Furibundus</span> <span class='ocrx_word' id='word_1_68' title='bbox 400 817 554 857; x_wconf 81' lang='lat' dir='ltr'>frendet</span> <span class='ocrx_word' id='word_1_69' title='bbox 584 821 656 869; x_wconf 93' lang='lat' dir='ltr'>leo,</span> <span class='ocrx_word' id='word_1_70' title='bbox 858 820 896 857; x_wconf 88' lang='lat'>6.</span> <span class='ocrx_word' id='word_1_71' title='bbox 942 818 1086 858; x_wconf 86' lang='lat' dir='ltr'>Christi</span> <span class='ocrx_word' id='word_1_72' title='bbox 1118 822 1274 867; x_wconf 80' lang='lat' dir='ltr'>martyr,</span> <span class='ocrx_word' id='word_1_73' title='bbox 1309 829 1329 854; x_wconf 92' lang='grc' dir='ltr'>ο</span> <span class='ocrx_word' id='word_1_74' title='bbox 1362 817 1510 864; x_wconf 85' lang='lat' dir='ltr'>Rufine,</span> 
     </span>
     <span class='ocr_line' id='line_1_13' title="bbox 120 874 1509 923; baseline -0.002 -9"><span class='ocrx_word' id='word_1_75' title='bbox 120 877 182 914; x_wconf 90' lang='lat' dir='ltr'>Illi</span> <span class='ocrx_word' id='word_1_76' title='bbox 212 876 345 914; x_wconf 85' lang='lat' dir='ltr'>laudes</span> <span class='ocrx_word' id='word_1_77' title='bbox 377 880 516 913; x_wconf 88' lang='lat' dir='ltr'>canunt</span> <span class='ocrx_word' id='word_1_78' title='bbox 547 876 641 923; x_wconf 90' lang='lat' dir='ltr'>Deo,</span> <span class='ocrx_word' id='word_1_79' title='bbox 943 876 1036 914; x_wconf 88' lang='lat' dir='ltr'>Cum</span> <span class='ocrx_word' id='word_1_80' title='bbox 1068 886 1141 922; x_wconf 90' lang='lat' dir='ltr'>quo</span> <span class='ocrx_word' id='word_1_81' title='bbox 1174 875 1277 922; x_wconf 84' lang='lat' dir='ltr'>viges</span> <span class='ocrx_word' id='word_1_82' title='bbox 1309 875 1390 912; x_wconf 90' lang='lat' dir='ltr'>sine</span> <span class='ocrx_word' id='word_1_83' title='bbox 1422 874 1509 922; x_wconf 89' lang='lat' dir='ltr'>fine,</span> 
     </span>
     <span class='ocr_line' id='line_1_14' title="bbox 180 930 1527 980; baseline -0.002 -10"><span class='ocrx_word' id='word_1_84' title='bbox 180 933 273 970; x_wconf 84' lang='lat' dir='ltr'>Mox</span> <span class='ocrx_word' id='word_1_85' title='bbox 313 932 518 970; x_wconf 87' lang='lat' dir='ltr'>truduntur</span> <span class='ocrx_word' id='word_1_86' title='bbox 548 933 587 970; x_wconf 93' lang='lat' dir='ltr'>in</span> <span class='ocrx_word' id='word_1_87' title='bbox 619 942 784 979; x_wconf 83' lang='lat' dir='ltr'>carcere,</span> <span class='ocrx_word' id='word_1_88' title='bbox 999 930 1132 969; x_wconf 86' lang='lat' dir='ltr'>Pande</span> <span class='ocrx_word' id='word_1_89' title='bbox 1163 932 1272 969; x_wconf 88' lang='lat' dir='ltr'>nobis</span> <span class='ocrx_word' id='word_1_90' title='bbox 1305 938 1371 969; x_wconf 86' lang='lat' dir='ltr'>tua</span> <span class='ocrx_word' id='word_1_91' title='bbox 1402 942 1527 980; x_wconf 84' lang='lat' dir='ltr'>prece,</span> 
     </span>
     <span class='ocr_line' id='line_1_15' title="bbox 180 987 1585 1036; baseline -0.001 -9"><span class='ocrx_word' id='word_1_92' title='bbox 180 990 257 1027; x_wconf 86' lang='lat' dir='ltr'>Sub</span> <span class='ocrx_word' id='word_1_93' title='bbox 291 993 508 1026; x_wconf 84' lang='lat' dir='ltr'>catenarum</span> <span class='ocrx_word' id='word_1_94' title='bbox 539 989 709 1036; x_wconf 89' lang='lat' dir='ltr'>pondere</span> <span class='ocrx_word' id='word_1_95' title='bbox 999 989 1068 1035; x_wconf 79' lang='lat' dir='ltr'>Qui</span> <span class='ocrx_word' id='word_1_96' title='bbox 1100 989 1264 1026; x_wconf 87' lang='lat' dir='ltr'>iacemus</span> <span class='ocrx_word' id='word_1_97' title='bbox 1295 989 1334 1025; x_wconf 93' lang='lat' dir='ltr'>in</span> <span class='ocrx_word' id='word_1_98' title='bbox 1365 989 1436 1025; x_wconf 83' lang='lat' dir='ltr'>hac</span> <span class='ocrx_word' id='word_1_99' title='bbox 1467 987 1585 1035; x_wconf 83' lang='lat' dir='ltr'>faece,</span> 
     </span>
     <span class='ocr_line' id='line_1_16' title="bbox 183 1045 1429 1092; baseline 0 -9"><span class='ocrx_word' id='word_1_100' title='bbox 183 1047 197 1061; x_wconf 71' lang='lat'><strong>⁴</strong></span> <span class='ocrx_word' id='word_1_101' title='bbox 239 1046 457 1084; x_wconf 87' lang='lat' dir='ltr'>Clamantes</span> <span class='ocrx_word' id='word_1_102' title='bbox 488 1047 538 1084; x_wconf 88' lang='lat' dir='ltr'>ad</span> <span class='ocrx_word' id='word_1_103' title='bbox 560 1046 784 1085; x_wconf 88' lang='lat' dir='ltr'>Dominum:</span> <span class='ocrx_word' id='word_1_104' title='bbox 1061 1045 1240 1082; x_wconf 90' lang='lat' dir='ltr'>Polorum</span> <span class='ocrx_word' id='word_1_105' title='bbox 1272 1045 1429 1092; x_wconf 83' lang='lat' dir='ltr'>palatia.</span> 
     </span>
     <span class='ocr_line' id='line_1_17' title="bbox 124 1102 1476 1152; baseline -0.003 -10"><span class='ocrx_word' id='word_1_106' title='bbox 124 1105 198 1142; x_wconf 89' lang='lat' dir='ltr'>Pro</span> <span class='ocrx_word' id='word_1_107' title='bbox 231 1103 336 1140; x_wconf 91' lang='lat' dir='ltr'>cuius</span> <span class='ocrx_word' id='word_1_108' title='bbox 366 1102 443 1140; x_wconf 90' lang='lat' dir='ltr'>fide</span> <span class='ocrx_word' id='word_1_109' title='bbox 473 1103 680 1150; x_wconf 84' lang='lat' dir='ltr'>caedimur,</span> <span class='ocrx_word' id='word_1_110' title='bbox 949 1102 1093 1140; x_wconf 88' lang='lat' dir='ltr'>Christi</span> <span class='ocrx_word' id='word_1_111' title='bbox 1125 1103 1246 1148; x_wconf 82' lang='lat' dir='ltr'>miles,</span> <span class='ocrx_word' id='word_1_112' title='bbox 1279 1113 1300 1139; x_wconf 96' lang='lat' dir='ltr'>o</span> <span class='ocrx_word' id='word_1_113' title='bbox 1334 1102 1476 1152; x_wconf 78' lang='lat' dir='ltr'>Valeri,</span> 
     </span>
     <span class='ocr_line' id='line_1_18' title="bbox 125 1159 1436 1206; baseline -0.002 -9"><span class='ocrx_word' id='word_1_114' title='bbox 125 1160 238 1198; x_wconf 90' lang='lat' dir='ltr'>Cuius</span> <span class='ocrx_word' id='word_1_115' title='bbox 270 1170 399 1197; x_wconf 88' lang='lat' dir='ltr'>amore</span> <span class='ocrx_word' id='word_1_116' title='bbox 431 1160 597 1206; x_wconf 86' lang='lat' dir='ltr'>patimur</span> <span class='ocrx_word' id='word_1_117' title='bbox 946 1159 1095 1196; x_wconf 88' lang='lat' dir='ltr'>Memor</span> <span class='ocrx_word' id='word_1_118' title='bbox 1127 1164 1206 1196; x_wconf 88' lang='lat' dir='ltr'>esto</span> <span class='ocrx_word' id='word_1_119' title='bbox 1237 1170 1305 1196; x_wconf 90' lang='lat' dir='ltr'>nos</span> <span class='ocrx_word' id='word_1_120' title='bbox 1337 1159 1436 1196; x_wconf 90' lang='lat' dir='ltr'>tueri</span> 
     </span>
     <span class='ocr_line' id='line_1_19' title="bbox 184 1215 1594 1265; baseline -0.002 -11"><span class='ocrx_word' id='word_1_121' title='bbox 184 1217 290 1254; x_wconf 83' lang='lat' dir='ltr'>Haec</span> <span class='ocrx_word' id='word_1_122' title='bbox 330 1220 602 1254; x_wconf 90' lang='lat' dir='ltr'>tormentorum</span> <span class='ocrx_word' id='word_1_123' title='bbox 635 1227 787 1265; x_wconf 84' lang='lat' dir='ltr'>genera,</span> <span class='ocrx_word' id='word_1_124' title='bbox 1002 1216 1053 1253; x_wconf 86' lang='lat' dir='ltr'>Et</span> <span class='ocrx_word' id='word_1_125' title='bbox 1084 1227 1154 1262; x_wconf 91' lang='lat' dir='ltr'>pro</span> <span class='ocrx_word' id='word_1_126' title='bbox 1186 1215 1294 1252; x_wconf 90' lang='lat' dir='ltr'>nobis</span> <span class='ocrx_word' id='word_1_127' title='bbox 1326 1227 1440 1253; x_wconf 85' lang='lat' dir='ltr'>orans</span> <span class='ocrx_word' id='word_1_128' title='bbox 1472 1215 1594 1252; x_wconf 89' lang='lat' dir='ltr'>Deum</span> 
     </span>
     <span class='ocr_line' id='line_1_20' title="bbox 183 1272 1506 1320; baseline -0.002 -10"><span class='ocrx_word' id='word_1_129' title='bbox 183 1274 333 1311; x_wconf 87' lang='lat' dir='ltr'>Christe</span> <span class='ocrx_word' id='word_1_130' title='bbox 364 1274 597 1320; x_wconf 88' lang='lat' dir='ltr'>redemptor,</span> <span class='ocrx_word' id='word_1_131' title='bbox 630 1273 754 1310; x_wconf 88' lang='lat' dir='ltr'>libera</span> <span class='ocrx_word' id='word_1_132' title='bbox 1003 1273 1069 1310; x_wconf 92' lang='lat' dir='ltr'>Pio</span> <span class='ocrx_word' id='word_1_133' title='bbox 1102 1272 1182 1320; x_wconf 84' lang='lat' dir='ltr'>regi</span> <span class='ocrx_word' id='word_1_134' title='bbox 1216 1283 1370 1319; x_wconf 85' lang='lat' dir='ltr'>gregem</span> <span class='ocrx_word' id='word_1_135' title='bbox 1403 1283 1506 1309; x_wconf 90' lang='lat' dir='ltr'>reum</span> 
     </span>
     <span class='ocr_line' id='line_1_21' title="bbox 235 1329 1371 1378; baseline 0 -11"><span class='ocrx_word' id='word_1_136' title='bbox 235 1330 314 1367; x_wconf 90' lang='lat' dir='ltr'>Nos</span> <span class='ocrx_word' id='word_1_137' title='bbox 346 1342 367 1367; x_wconf 86' lang='lat' dir='ltr'>a</span> <span class='ocrx_word' id='word_1_138' title='bbox 399 1330 480 1368; x_wconf 87' lang='lat' dir='ltr'>viro</span> <span class='ocrx_word' id='word_1_139' title='bbox 511 1330 749 1378; x_wconf 84' lang='lat' dir='ltr'>sanguinum.</span> <span class='ocrx_word' id='word_1_140' title='bbox 1058 1329 1125 1367; x_wconf 88' lang='lat' dir='ltr'>Pie</span> <span class='ocrx_word' id='word_1_141' title='bbox 1156 1329 1371 1367; x_wconf 90' lang='lat' dir='ltr'>reconcilia.</span> 
     </span>
     <span class='ocr_line' id='line_1_22' title="bbox 132 1447 1608 1491; baseline -0.003 -10"><span class='ocrx_word' id='word_1_142' title='bbox 132 1450 206 1482; x_wconf 89' lang='lat' dir='ltr'>Fol.</span> <span class='ocrx_word' id='word_1_143' title='bbox 238 1447 312 1482; x_wconf 87' lang='lat'>115.</span> <span class='ocrx_word' id='word_1_144' title='bbox 364 1449 564 1491; x_wconf 82' lang='lat' dir='ltr'>Ungewiss,</span> <span class='ocrx_word' id='word_1_145' title='bbox 596 1459 640 1480; x_wconf 88' lang='lat' dir='ltr'>zu</span> <span class='ocrx_word' id='word_1_146' title='bbox 665 1447 829 1480; x_wconf 89' lang='lat' dir='ltr'>welchem</span> <span class='ocrx_word' id='word_1_147' title='bbox 857 1448 973 1480; x_wconf 81' lang='lat' dir='ltr'>Briefe</span> <span class='ocrx_word' id='word_1_148' title='bbox 997 1447 1152 1490; x_wconf 83' lang='lat' dir='ltr'>geh‘orig.</span> <span class='ocrx_word' id='word_1_149' title='bbox 1180 1465 1225 1469; x_wconf 96' lang='lat'><strong>—</strong></span> <span class='ocrx_word' id='word_1_150' title='bbox 1250 1448 1321 1479; x_wconf 88' lang='lat' dir='ltr'>Vor</span> <span class='ocrx_word' id='word_1_151' title='bbox 1345 1447 1422 1479; x_wconf 87' lang='lat' dir='ltr'>dem</span> <span class='ocrx_word' id='word_1_152' title='bbox 1448 1448 1608 1488; x_wconf 74' lang='lat' dir='ltr'>Hymnus</span> 
     </span>
    </p>
   </div>
   <div class='ocr_carea' id='block_1_3' title="bbox 35 1493 1609 1674">
    <p class='ocr_par' dir='ltr' id='par_1_3' title="bbox 35 1493 1609 1674">
     <span class='ocr_line' id='line_1_23' title="bbox 35 1493 1607 1537; baseline -0.003 -10"><span class='ocrx_word' id='word_1_153' title='bbox 35 1495 92 1527; x_wconf 86' lang='lat' dir='ltr'>die</span> <span class='ocrx_word' id='word_1_154' title='bbox 118 1496 258 1527; x_wconf 53' lang='lat' dir='ltr'>XVorte:</span> <span class='ocrx_word' id='word_1_155' title='bbox 287 1496 361 1537; x_wconf 87' lang='lat' dir='ltr'>„De</span> <span class='ocrx_word' id='word_1_156' title='bbox 387 1496 518 1527; x_wconf 85' lang='lat' dir='ltr'>sanctis</span> <span class='ocrx_word' id='word_1_157' title='bbox 543 1494 756 1536; x_wconf 80' lang='lat' dir='ltr'>martyribus</span> <span class='ocrx_word' id='word_1_158' title='bbox 783 1495 930 1531; x_wconf 82' lang='lat' dir='ltr'>nostris,</span> <span class='ocrx_word' id='word_1_159' title='bbox 957 1495 1040 1535; x_wconf 82' lang='lat' dir='ltr'>quia</span> <span class='ocrx_word' id='word_1_160' title='bbox 1066 1495 1174 1525; x_wconf 88' lang='lat' dir='ltr'>tantis</span> <span class='ocrx_word' id='word_1_161' title='bbox 1200 1494 1235 1524; x_wconf 91' lang='lat' dir='ltr'>in</span> <span class='ocrx_word' id='word_1_162' title='bbox 1260 1493 1426 1535; x_wconf 88' lang='lat' dir='ltr'>periculis</span> <span class='ocrx_word' id='word_1_163' title='bbox 1452 1493 1607 1524; x_wconf 84' lang='lat' dir='ltr'>invocati</span> 
     </span>
     <span class='ocr_line' id='line_1_24' title="bbox 36 1538 1609 1583; baseline -0.002 -11"><span class='ocrx_word' id='word_1_164' title='bbox 36 1541 176 1572; x_wconf 88' lang='lat' dir='ltr'>fuerunt</span> <span class='ocrx_word' id='word_1_165' title='bbox 211 1551 232 1572; x_wconf 90' lang='lat' dir='ltr'>a</span> <span class='ocrx_word' id='word_1_166' title='bbox 265 1551 318 1572; x_wconf 89' lang='lat' dir='ltr'>me</span> <span class='ocrx_word' id='word_1_167' title='bbox 353 1541 559 1583; x_wconf 78' lang='lat' dir='ltr'>suppliciter</span> <span class='ocrx_word' id='word_1_168' title='bbox 591 1543 624 1572; x_wconf 84' lang='lat' dir='ltr'>et</span> <span class='ocrx_word' id='word_1_169' title='bbox 653 1541 690 1571; x_wconf 88' lang='lat' dir='ltr'>in</span> <span class='ocrx_word' id='word_1_170' title='bbox 714 1542 812 1571; x_wconf 86' lang='lat' dir='ltr'>tanta</span> <span class='ocrx_word' id='word_1_171' title='bbox 837 1539 923 1570; x_wconf 86' lang='lat' dir='ltr'>mihi</span> <span class='ocrx_word' id='word_1_172' title='bbox 950 1540 1093 1571; x_wconf 88' lang='lat' dir='ltr'>miseria</span> <span class='ocrx_word' id='word_1_173' title='bbox 1117 1539 1388 1570; x_wconf 83' lang='lat' dir='ltr'>misericorditer</span> <span class='ocrx_word' id='word_1_174' title='bbox 1413 1538 1609 1576; x_wconf 84' lang='lat' dir='ltr'>adfuerunt,</span> 
     </span>
     <span class='ocr_line' id='line_1_25' title="bbox 36 1584 1608 1628; baseline -0.003 -10"><span class='ocrx_word' id='word_1_175' title='bbox 36 1587 188 1618; x_wconf 82' lang='lat' dir='ltr'>scribere</span> <span class='ocrx_word' id='word_1_176' title='bbox 224 1586 358 1628; x_wconf 82' lang='lat' dir='ltr'>placuit</span> <span class='ocrx_word' id='word_1_177' title='bbox 392 1590 426 1618; x_wconf 88' lang='lat' dir='ltr'>et</span> <span class='ocrx_word' id='word_1_178' title='bbox 458 1587 594 1618; x_wconf 87' lang='lat' dir='ltr'>mittere</span> <span class='ocrx_word' id='word_1_179' title='bbox 625 1586 691 1617; x_wconf 86' lang='lat' dir='ltr'>tibi</span> <span class='ocrx_word' id='word_1_180' title='bbox 724 1585 844 1617; x_wconf 84' lang='lat' dir='ltr'>laudes</span> <span class='ocrx_word' id='word_1_181' title='bbox 878 1585 1125 1627; x_wconf 81' lang='lat' dir='ltr'>triumphalem</span> <span class='ocrx_word' id='word_1_182' title='bbox 1161 1594 1280 1616; x_wconf 88' lang='lat' dir='ltr'>eorum</span> <span class='ocrx_word' id='word_1_183' title='bbox 1314 1585 1511 1626; x_wconf 84' lang='lat' dir='ltr'>passionem</span> <span class='ocrx_word' id='word_1_184' title='bbox 1545 1584 1608 1615; x_wconf 81' lang='lat' dir='ltr'>sub</span> 
     </span>
     <span class='ocr_line' id='line_1_26' title="bbox 40 1632 771 1674; baseline -0.003 -10"><span class='ocrx_word' id='word_1_185' title='bbox 40 1632 217 1674; x_wconf 84' lang='lat' dir='ltr'>elegantia</span> <span class='ocrx_word' id='word_1_186' title='bbox 242 1632 441 1673; x_wconf 84' lang='lat' dir='ltr'>rhythmica</span> <span class='ocrx_word' id='word_1_187' title='bbox 465 1633 701 1663; x_wconf 85' lang='lat' dir='ltr'>concinentes.</span> <span class='ocrx_word' id='word_1_188' title='bbox 727 1649 771 1653; x_wconf 93' lang='lat'>—</span> 
     </span>
    </p>
   </div>
   <div class='ocr_carea' id='block_1_4' title="bbox 469 1775 1183 1820">
    <p class='ocr_par' dir='ltr' id='par_1_4' title="bbox 469 1775 1183 1820">
     <span class='ocr_line' id='line_1_27' title="bbox 469 1775 1183 1820; baseline 0 -9"><span class='ocrx_word' id='word_1_189' title='bbox 469 1776 552 1813; x_wconf 78' lang='lat'>358.</span> <span class='ocrx_word' id='word_1_190' title='bbox 589 1777 670 1820; x_wconf 86' lang='lat'>(15.)</span> <span class='ocrx_word' id='word_1_191' title='bbox 704 1776 762 1811; x_wconf 88' lang='lat' dir='ltr'>De</span> <span class='ocrx_word' id='word_1_192' title='bbox 790 1775 931 1811; x_wconf 80' lang='lat' dir='ltr'>saneto</span> <span class='ocrx_word' id='word_1_193' title='bbox 959 1775 1183 1820; x_wconf 84' lang='lat' dir='ltr'>Stephano.</span> 
     </span>
    </p>
   </div>
   <div class='ocr_carea' id='block_1_5' title="bbox 39 1888 1528 2794">
    <p class='ocr_par' dir='ltr' id='par_1_5' title="bbox 39 1888 1528 2794">
     <span class='ocr_line' id='line_1_28' title="bbox 41 1888 1423 1936; baseline -0.002 -9"><span class='ocrx_word' id='word_1_194' title='bbox 41 1890 79 1927; x_wconf 91' lang='lat'>1.</span> <span class='ocrx_word' id='word_1_195' title='bbox 127 1890 391 1936; x_wconf 73' lang='lat' dir='ltr'>Protomartyr</span> <span class='ocrx_word' id='word_1_196' title='bbox 421 1889 636 1936; x_wconf 85' lang='lat' dir='ltr'>Stephanus</span> <span class='ocrx_word' id='word_1_197' title='bbox 861 1889 897 1927; x_wconf 81' lang='grc'>3.</span> <span class='ocrx_word' id='word_1_198' title='bbox 948 1888 1005 1926; x_wconf 88' lang='lat' dir='ltr'>Sit</span> <span class='ocrx_word' id='word_1_199' title='bbox 1036 1888 1118 1925; x_wconf 90' lang='lat' dir='ltr'>laus</span> <span class='ocrx_word' id='word_1_200' title='bbox 1149 1888 1423 1935; x_wconf 68' lang='lat' dir='ltr'>protomartyri</span> 
     </span>
     <span class='ocr_line' id='line_1_29' title="bbox 180 1945 1492 1993; baseline -0.002 -10"><span class='ocrx_word' id='word_1_201' title='bbox 180 1951 277 1991; x_wconf 73' lang='lat' dir='ltr'>tune,</span> <span class='ocrx_word' id='word_1_202' title='bbox 309 1957 331 1983; x_wconf 96' lang='lat' dir='ltr'>o</span> <span class='ocrx_word' id='word_1_203' title='bbox 362 1956 430 1983; x_wconf 88' lang='lat' dir='ltr'>rex</span> <span class='ocrx_word' id='word_1_204' title='bbox 461 1946 617 1993; x_wconf 85' lang='lat' dir='ltr'>gloriae,</span> <span class='ocrx_word' id='word_1_205' title='bbox 1003 1945 1208 1993; x_wconf 86' lang='lat' dir='ltr'>Stephano,</span> <span class='ocrx_word' id='word_1_206' title='bbox 1241 1945 1305 1992; x_wconf 89' lang='lat' dir='ltr'>qui</span> <span class='ocrx_word' id='word_1_207' title='bbox 1336 1945 1492 1993; x_wconf 91' lang='lat' dir='ltr'>spiritus</span> 
     </span>
     <span class='ocr_line' id='line_1_30' title="bbox 123 2001 1391 2050; baseline -0.003 -9"><span class='ocrx_word' id='word_1_208' title='bbox 123 2003 174 2041; x_wconf 90' lang='lat' dir='ltr'>Et</span> <span class='ocrx_word' id='word_1_209' title='bbox 206 2003 369 2040; x_wconf 88' lang='lat' dir='ltr'>invictus</span> <span class='ocrx_word' id='word_1_210' title='bbox 401 2001 560 2050; x_wconf 85' lang='lat' dir='ltr'>signifer</span> <span class='ocrx_word' id='word_1_211' title='bbox 945 2001 1075 2040; x_wconf 86' lang='lat' dir='ltr'>Sancti</span> <span class='ocrx_word' id='word_1_212' title='bbox 1106 2002 1241 2048; x_wconf 87' lang='lat' dir='ltr'>plenus</span> <span class='ocrx_word' id='word_1_213' title='bbox 1270 2001 1391 2048; x_wconf 81' lang='lat' dir='ltr'>gratia</span> 
     </span>
     <span class='ocr_line' id='line_1_31' title="bbox 180 2058 1357 2097; baseline -0.002 -1"><span class='ocrx_word' id='word_1_214' title='bbox 180 2059 354 2097; x_wconf 84' lang='lat' dir='ltr'>caelestis</span> <span class='ocrx_word' id='word_1_215' title='bbox 385 2059 545 2097; x_wconf 88' lang='lat' dir='ltr'>militiae</span> <span class='ocrx_word' id='word_1_216' title='bbox 1002 2058 1175 2096; x_wconf 86' lang='lat' dir='ltr'>veritatis</span> <span class='ocrx_word' id='word_1_217' title='bbox 1204 2058 1357 2095; x_wconf 87' lang='lat' dir='ltr'>inclitus</span> 
     </span>
     <span class='ocr_line' id='line_1_32' title="bbox 123 2113 1348 2154; baseline -0.003 0"><span class='ocrx_word' id='word_1_218' title='bbox 123 2117 264 2154; x_wconf 90' lang='lat' dir='ltr'>Hostes</span> <span class='ocrx_word' id='word_1_219' title='bbox 294 2116 350 2154; x_wconf 86' lang='lat' dir='ltr'>tui</span> <span class='ocrx_word' id='word_1_220' title='bbox 379 2116 544 2154; x_wconf 90' lang='lat' dir='ltr'>nominis</span> <span class='ocrx_word' id='word_1_221' title='bbox 944 2113 1135 2153; x_wconf 85' lang='lat' dir='ltr'>Defensor</span> <span class='ocrx_word' id='word_1_222' title='bbox 1166 2115 1348 2152; x_wconf 87' lang='lat' dir='ltr'>exsistere</span> 
     </span>
     <span class='ocr_line' id='line_1_33' title="bbox 182 2171 1351 2219; baseline -0.003 -9"><span class='ocrx_word' id='word_1_223' title='bbox 182 2173 274 2210; x_wconf 87' lang='lat' dir='ltr'>vicit</span> <span class='ocrx_word' id='word_1_224' title='bbox 303 2173 428 2219; x_wconf 87' lang='lat' dir='ltr'>hodie,</span> <span class='ocrx_word' id='word_1_225' title='bbox 1004 2183 1079 2209; x_wconf 95' lang='lat' dir='ltr'>non</span> <span class='ocrx_word' id='word_1_226' title='bbox 1109 2176 1166 2208; x_wconf 89' lang='lat' dir='ltr'>est</span> <span class='ocrx_word' id='word_1_227' title='bbox 1197 2171 1351 2217; x_wconf 87' lang='lat' dir='ltr'>veritus,</span> 
     </span>
     <span class='ocr_line' id='line_1_34' title="bbox 238 2228 1235 2279; baseline -0.003 -12"><span class='ocrx_word' id='word_1_228' title='bbox 238 2229 414 2279; x_wconf 88' lang='lat' dir='ltr'>Domine,</span> <span class='ocrx_word' id='word_1_229' title='bbox 1062 2228 1235 2277; x_wconf 87' lang='lat' dir='ltr'>Domine,</span> 
     </span>
     <span class='ocr_line' id='line_1_35' title="bbox 243 2284 1362 2335; baseline -0.001 -11"><span class='ocrx_word' id='word_1_230' title='bbox 243 2286 317 2324; x_wconf 88' lang='lat' dir='ltr'>Suo</span> <span class='ocrx_word' id='word_1_231' title='bbox 348 2286 542 2335; x_wconf 85' lang='lat' dir='ltr'>sanguine.</span> <span class='ocrx_word' id='word_1_232' title='bbox 1063 2284 1137 2322; x_wconf 88' lang='lat' dir='ltr'>Suo</span> <span class='ocrx_word' id='word_1_233' title='bbox 1169 2284 1362 2331; x_wconf 82' lang='lat' dir='ltr'>sanguine.</span> 
     </span>
     <span class='ocr_line' id='line_1_36' title="bbox 39 2404 1419 2452; baseline -0.003 -8"><span class='ocrx_word' id='word_1_234' title='bbox 39 2407 77 2444; x_wconf 80' lang='lat'>2.</span> <span class='ocrx_word' id='word_1_235' title='bbox 126 2405 198 2443; x_wconf 90' lang='lat' dir='ltr'>Tui</span> <span class='ocrx_word' id='word_1_236' title='bbox 229 2404 524 2452; x_wconf 80' lang='lat' dir='ltr'>protomartyris</span> <span class='ocrx_word' id='word_1_237' title='bbox 860 2405 898 2441; x_wconf 87' lang='lat'>4.</span> <span class='ocrx_word' id='word_1_238' title='bbox 946 2404 1066 2441; x_wconf 91' lang='lat' dir='ltr'>Tuum</span> <span class='ocrx_word' id='word_1_239' title='bbox 1100 2407 1419 2450; x_wconf 68' lang='lat' dir='ltr'>protomartyrem</span> 
     </span>
     <span class='ocr_line' id='line_1_37' title="bbox 184 2459 1528 2509; baseline -0.001 -10"><span class='ocrx_word' id='word_1_240' title='bbox 184 2460 370 2508; x_wconf 88' lang='lat' dir='ltr'>Stephani</span> <span class='ocrx_word' id='word_1_241' title='bbox 401 2460 599 2497; x_wconf 87' lang='lat' dir='ltr'>sollemnia</span> <span class='ocrx_word' id='word_1_242' title='bbox 1002 2460 1248 2509; x_wconf 88' lang='lat' dir='ltr'>Stephanum,</span> <span class='ocrx_word' id='word_1_243' title='bbox 1281 2460 1344 2507; x_wconf 89' lang='lat' dir='ltr'>qui</span> <span class='ocrx_word' id='word_1_244' title='bbox 1377 2459 1528 2498; x_wconf 88' lang='lat' dir='ltr'>fortiter</span> 
     </span>
     <span class='ocr_line' id='line_1_38' title="bbox 124 2516 1370 2566; baseline -0.003 -9"><span class='ocrx_word' id='word_1_245' title='bbox 124 2518 301 2566; x_wconf 86' lang='lat' dir='ltr'>Psalmis,</span> <span class='ocrx_word' id='word_1_246' title='bbox 333 2517 497 2564; x_wconf 65' lang='lat' dir='ltr'>hymnis,</span> <span class='ocrx_word' id='word_1_247' title='bbox 529 2516 706 2554; x_wconf 89' lang='lat' dir='ltr'>laudibus</span> <span class='ocrx_word' id='word_1_248' title='bbox 946 2516 1213 2563; x_wconf 89' lang='lat' dir='ltr'>Triumphavit</span> <span class='ocrx_word' id='word_1_249' title='bbox 1242 2517 1370 2562; x_wconf 84' lang='lat' dir='ltr'>hodie,</span> 
     </span>
     <span class='ocr_line' id='line_1_39' title="bbox 181 2573 1444 2621; baseline -0.002 -8"><span class='ocrx_word' id='word_1_250' title='bbox 181 2575 325 2613; x_wconf 87' lang='lat' dir='ltr'>recolat</span> <span class='ocrx_word' id='word_1_251' title='bbox 355 2573 528 2619; x_wconf 86' lang='lat' dir='ltr'>ecclesia,</span> <span class='ocrx_word' id='word_1_252' title='bbox 1003 2573 1259 2611; x_wconf 89' lang='lat' dir='ltr'>collaudemus</span> <span class='ocrx_word' id='word_1_253' title='bbox 1288 2574 1444 2621; x_wconf 85' lang='lat' dir='ltr'>pariter,</span> 
     </span>
     <span class='ocr_line' id='line_1_40' title="bbox 121 2629 1407 2680; baseline -0.002 -11"><span class='ocrx_word' id='word_1_254' title='bbox 121 2633 193 2680; x_wconf 79' lang='lat' dir='ltr'>Qui</span> <span class='ocrx_word' id='word_1_255' title='bbox 224 2631 411 2679; x_wconf 86' lang='lat' dir='ltr'>promissa</span> <span class='ocrx_word' id='word_1_256' title='bbox 444 2630 582 2667; x_wconf 89' lang='lat' dir='ltr'>meruit</span> <span class='ocrx_word' id='word_1_257' title='bbox 944 2629 1177 2668; x_wconf 77' lang='lat' dir='ltr'>Consecrans</span> <span class='ocrx_word' id='word_1_258' title='bbox 1209 2630 1407 2668; x_wconf 84' lang='lat' dir='ltr'>ecclesiam</span> 
     </span>
     <span class='ocr_line' id='line_1_41' title="bbox 179 2686 1313 2735; baseline -0.003 -9"><span class='ocrx_word' id='word_1_259' title='bbox 179 2700 201 2726; x_wconf 87' lang='lat' dir='ltr'>a</span> <span class='ocrx_word' id='word_1_260' title='bbox 231 2695 269 2726; x_wconf 89' lang='lat' dir='ltr'>te</span> <span class='ocrx_word' id='word_1_261' title='bbox 298 2688 482 2735; x_wconf 85' lang='lat' dir='ltr'>praemia,</span> <span class='ocrx_word' id='word_1_262' title='bbox 1000 2690 1103 2725; x_wconf 87' lang='lat' dir='ltr'>tuam</span> <span class='ocrx_word' id='word_1_263' title='bbox 1136 2686 1313 2733; x_wconf 84' lang='lat' dir='ltr'>digniter,</span> 
     </span>
     <span class='ocr_line' id='line_1_42' title="bbox 234 2743 1230 2794; baseline -0.003 -12"><span class='ocrx_word' id='word_1_264' title='bbox 234 2745 405 2794; x_wconf 90' lang='lat' dir='ltr'>Domine,</span> <span class='ocrx_word' id='word_1_265' title='bbox 1056 2743 1230 2788; x_wconf 87' lang='lat' dir='ltr'>Domine,</span> 
     </span>
    </p>
   </div>
   <div class='ocr_carea' id='block_1_6' title="bbox 238 2799 1358 2849">
    <p class='ocr_par' dir='ltr' id='par_1_6' title="bbox 238 2799 1358 2849">
     <span class='ocr_line' id='line_1_43' title="bbox 238 2799 1358 2849; baseline -0.002 -10"><span class='ocrx_word' id='word_1_266' title='bbox 238 2801 312 2839; x_wconf 88' lang='lat' dir='ltr'>Suo</span> <span class='ocrx_word' id='word_1_267' title='bbox 343 2801 537 2849; x_wconf 83' lang='lat' dir='ltr'>sanguine.</span> <span class='ocrx_word' id='word_1_268' title='bbox 1058 2799 1132 2837; x_wconf 91' lang='lat' dir='ltr'>Suo</span> <span class='ocrx_word' id='word_1_269' title='bbox 1163 2800 1358 2847; x_wconf 82' lang='lat' dir='ltr'>sanguine.</span> 
     </span>
    </p>
   </div>
  </div>
 </body>
</html>
