1785 3111
208 545 228 577 Ur

207 997 226 1030 0¹

188 1222 229 1257 10

187 1450 228 1484 15

207 2049 226 2081 U!

185 2274 227 2308 10

208 2682 228 2715 0(

789 90 1098 130 —416—

378 284 438 315 XI.
476 283 684 315 Osteusio
718 282 981 324 personalis
1015 283 1201 313 unionis
1231 293 1307 323 per
1341 281 1504 314 simile.

252 365 352 396 Duae
377 362 508 394 Christi
534 365 614 393 sunt
638 365 794 400 naturae,
918 361 922 365 ’
1068 363 1166 394 Unus
1192 362 1307 400 homo,
1333 371 1402 393 una
1427 362 1511 402 vita,

253 409 439 446 Creatoris,
470 410 660 446 creaturae,
1067 408 1145 438 Duo
1172 407 1276 438 simul
1303 410 1383 438 sunt
1407 407 1517 438 unita.

251 456 342 493 Una,
368 464 437 485 non
462 453 551 484 duae
577 463 747 494 personae
1067 453 1144 483 Hoc
1168 452 1329 490 Iudaeus,
1355 451 1421 483 hoc
1445 461 1614 493 paganus,

250 501 463 531 Naturarum
487 499 627 536 unione,
1001 494 1042 529 10
1067 498 1145 528 Hoc
1171 501 1204 529 et
1229 497 1586 539 pseudochi·istianUS‚

254 546 352 577 Sicut
377 554 457 575 caro
483 542 677 585 corporalis
1069 542 1107 574 Si
1132 553 1203 574 non
1227 543 1344 575 credat
1368 545 1405 574 in
1430 543 1625 583 scripturis,

254 591 448 631 Animaque
475 589 645 630 spiritalis
1069 587 1201 620 Saltem
1226 592 1345 620 cernat
1369 589 1405 619 in
1430 588 1576 619 naturis.

388 737 468 768 XII.
505 735 722 767 Ostensio
756 735 983 767 naturalis
1016 736 1201 766 unionis
1236 745 1312 776 per
1337 734 1499 766 simile.

255 817 343 849 Sunt
368 819 512 847 naturae
542 814 760 854 dissidentes,
1069 815 1137 847 Sed
1161 814 1227 846 1100
1251 824 1374 846 aurum
1400 814 1512 855 magis
1537 823 1674 855 purum,

254 864 441 903 Nunquam
466 871 540 892 sese
566 861 756 902 capientes,
1001 857 1044 892 20
1071 860 1172 900 Quod
1198 862 1234 891 in
1260 861 1340 901 igne
1364 858 1402 890 fit
1427 859 1623 890 obscurum.

252 908 302 940 Ut
326 907 387 938 lux
413 907 498 937 solis
523 905 752 937 circumfundi
1071 907 1129 939 Sic
1153 908 1300 947 utraque
1325 906 1494 936 uniuntur

253 953 381 984 Terrae
406 955 530 993 potest,
557 962 627 982 non
652 951 800 983 infundi.
1068 952 1141 983 Nec
1166 954 1311 992 utraque
1337 950 1603 988 confunduntur,

253 999 341 1030 Sunt
367 1001 401 1028 et
425 997 517 1028 aliae
542 1000 699 1034 naturae,
1069 997 1121 1028 Ne
1147 998 1258 1028 utrius
1285 998 1331 1027 sit
1355 995 1520 1033 defectus,

254 1044 351 1083 Quae
377 1046 515 1074 servato
542 1052 604 1072 suo
631 1043 706 1072 iure
1072 1041 1139 1073 Sed
1165 1042 1308 1073 alterius
1335 1042 1521 1082 profectus.

251 1089 318 1121 Per
342 1091 504 1119 naturam
530 1088 699 1118 uniuntur
1002 1084 1045 1119 25
1070 1088 1167 1129 Ignis
1193 1097 1277 1118 auro
1302 1087 1485 1125 adunatur,

255 1135 328 1166 Nec
353 1133 473 1164 unitae
498 1129 800 1174 permutuntur[!].
1070 1134 1149 1165 Non
1175 1133 1212 1162 in
1237 1142 1359 1163 aurum
1384 1134 1611 1173 permutatur,

254 1180 387 1210 Aurum
414 1180 491 1220 igne
516 1178 760 1217 inflammatur,
1070 1177 1288 1210 Naturaliter
1313 1181 1474 1209 concreta

254 1225 323 1256 Aer
347 1224 423 1255 luce
449 1224 656 1260 illustratur,
1070 1224 1113 1255 In
1137 1226 1263 1255 natura
1289 1225 1369 1254 sunt
1393 1222 1554 1254 discreta.

255 1270 323 1302 Sed
348 1280 411 1301 1100
436 1279 494 1300 aer
518 1268 635 1300 lumen
661 1269 737 1307 erit,
1072 1269 1159 1300 Auri
1184 1277 1300 1299 massa
1325 1278 1402 1299 cum
1427 1268 1569 1309 ignitur,

257 1316 378 1356 Neque
404 1324 526 1346 aurum
551 1315 630 1355 igne
656 1314 758 1355 perit.
1005 1310 1048 1347 30
1072 1315 1194 1355 Ignem
1218 1323 1324 1355 passa
1348 1314 1519 1351 counitur,

253 1360 336 1392 Sola
361 1360 446 1391 solis
473 1359 714 1400 qu‘apparet‚
1071 1360 1196 1391 Totum
1223 1368 1356 1397 aurum,
1381 1362 1491 1390 totum
1516 1358 1626 1400 ignis;

255 1406 321 1438 Sed
349 1406 408 1437 lux
434 1416 512 1437 aere
537 1415 608 1435 non
634 1407 739 1442 caret,
1073 1404 1130 1436 Sic
1156 1405 1192 1435 in
1217 1404 1319 1441 ferro,
1345 1404 1395 1435 sic
1420 1405 1456 1435 111
1481 1404 1598 1445 lignis.

255 1452 303 1484 Ut
328 1462 391 1482 1100
416 1460 475 1482 301·
500 1454 594 1482 caret
618 1451 706 1487 luce,
1070 1451 1196 1481 Totum
1221 1450 1286 1480 toti
1312 1449 1496 1487 adunatur,

255 1498 367 1536 Quam
392 1498 485 1537 capit
509 1499 636 1526 natura
661 1495 757 1526 (11100.
1071 1497 1196 1527 Totum
1222 1495 1287 1526 11οο
1312 1498 1346 1526 01
1371 1494 1436 1525 1100
1460 1497 1619 1535 vocatur,

255 1544 311 1574 Sic
337 1546 370 1573 et
397 1543 489 1583 ignis
516 1541 611 1572 solus
637 1541 754 1577 claret,
1003 1538 1045 1572 3-5
1071 1542 1150 1573 Non
1174 1540 1240 1571 hoc
1264 1540 1332 1572 vel
1357 1539 1423 1571 hoc
1447 1543 1485 1571 ut
1508 1550 1550 1571 ex
1573 1542 1683 1581 parte,

254 1588 340 1620 Cum
367 1591 400 1618 et
426 1597 548 1618 aurum
573 1587 633 1617 vix
659 1589 820 1627 apparet3
1073 1586 1141 1618 Sed
1165 1585 1232 1617 1100
1257 1590 1299 1616 01
1324 1585 1389 1616 1100
1415 1586 1490 1617 51110
1515 1588 1625 1626 parte.

333 1734 428 1765 VIII.
470 1733 768 1765 Confirmatio
801 1731 852 1764 de
884 1734 1051 1765 unione
1085 1733 1266 1764 duarum
1298 1736 1556 1764 naturarum

599 1789 722 1820 salva
758 1790 1000 1831 utriusque
1034 1791 1332 1831 proprietate.

253 1870 310 1901 Sic
334 1870 499 1899 nimirum
525 1867 589 1899 fide
617 1878 703 1899 sana
1070 1868 1168 1900 Nihil
1194 1868 1251 1899 hic
1275 1867 1475 1906 divisionis,

250 1916 326 1946 Lux
352 1914 481 1952 divina,
511 1914 568 1944 lex
592 1913 755 1951 humana,
1070 1914 1168 1945 Nihil
1195 1918 1246 1945 est
1271 1914 1498 1945 confusionis.

253 1960 353 1992 Unus
379 1959 551 1996 Christus,
576 1959 803 1996 homo-Deus,
1070 1961 1148 1991 Non
1175 1962 1226 1990 est
1251 1969 1331 2001 ergo
1359 1959 1457 1990 Iesus
1482 1968 1580 1990 meus

252 2006 361 2036 Totus
386 2004 501 2042 homo,
527 2008 619 2035 totus
648 2005 753 2035 Deus.
1070 2004 1279 2042 Seinihomo,
1306 2004 1490 2042 semideus,

252 2051 352 2082 Duae
379 2049 509 2081 Christi
535 2053 615 2080 sunt
639 2052 796 2087 naturae,
1004 2048 1044 2081 15
1072 2050 1138 2082 Sed
1162 2050 1282 2080 unitus
1309 2060 1351 2081 ex
1375 2049 1511 2081 duobus

253 2097 420 2136 Quaeque
446 2095 545 2126 salvo
572 2105 634 2126 suo
660 2095 746 2133 iure,
1070 2095 1117 2126 Et
1142 2094 1314 2136 perfectus
1340 2096 1376 2126 in
1402 2095 1584 2126 ambobus.

252 2141 445 2181 Utriusque
470 2140 560 2171 nihil
585 2141 685 2181 perit,
1070 2141 1129 2172 Sic
1154 2150 1333 2171 assumens
1360 2143 1394 2171 et
1419 2143 1628 2182 assumptus,

253 2186 330 2224 Sed,
357 2186 449 2227 quod
474 2186 549 2223 fuit,
575 2190 627 2217 est
653 2189 686 2216 et
711 2185 788 2216 erit.
1069 2186 1147 2217 Non
1173 2186 1359 2216 absumens
1386 2188 1419 2216 et
1444 2185 1661 2226 absumptus,

251 2231 383 2262 Eadem
411 2236 491 2262 sunt
515 2231 680 2270 adunata,
1069 2230 1296 2269 Deus-homo,
1322 2240 1411 2262 unus
1438 2230 1610 2269 Christus,

252 2278 330 2308 Non
356 2277 391 2307 in
418 2275 528 2308 altera
555 2280 698 2313 mutata,
1001 2274 1044 2309 20
1068 2277 1258 2314 Indivisus,
1283 2277 1535 2307 incommistus.

275 2424 370 2455 XIV.
408 2423 531 2462 Quod
562 2423 715 2455 domus
749 2425 971 2456 creatoris
1005 2424 1066 2455 sit
1099 2426 1312 2454 creatura
1343 2422 1614 2455 nationalis.

253 2504 386 2534 Domus
412 2503 516 2533 huius
542 2503 747 2541 maiestatis,
1068 2503 1117 2535 Ut
1142 2502 1322 2534 amborum
1347 2503 1575 2534 coniunctura

253 2548 438 2580 Creatricis
463 2548 642 2586 trinitatis,
1005 2545 1045 2580 10
1069 2549 1201 2579 Domus
1227 2557 1404 2588 nunquam
1430 2547 1566 2579 ruitura

252 2593 318 2624 Est
343 2596 479 2624 creatus
505 2593 704 2624 intellectus
1071 2594 1152 2634 Ipso
1179 2596 1245 2624 stet
1270 2592 1500 2630 inhabitante,

252 2640 307 2670 Ita
331 2648 436 2669 sanus
462 2640 496 2669 et
520 2638 703 2679 perfectus,
1071 2639 1146 2677 Quo
1171 2637 1316 2669 fundata
1340 2640 1392 2669 est
1416 2641 1566 2669 creante.

253 2685 306 2715 Ita
331 2693 437 2724 purus
463 2685 496 2714 et
521 2684 670 2724 quietus,
1070 2684 1169 2714 Haec
1195 2686 1247 2714 est
1270 2682 1353 2714 fides
1385 2682 1588 2720 orthodoxa,

253 2730 302 2762 Ut
326 2731 378 2760 est
402 2728 604 2770 angelorum
630 2732 758 2768 coetus,
1069 2729 1148 2760 Non
1173 2727 1229 2759 hic
1255 2738 1359 2766 error,
1385 2738 1455 2758 non
1482 2731 1534 2759 est
1557 2736 1660 2766 noxa,

254 2775 318 2806 Cui
343 2773 445 2804 homo
472 2775 634 2810 sociatur,
1001 2771 1043 2805 15
1070 2774 1168 2806 Sicut
1192 2773 1280 2811 dieo,
1308 2774 1358 2803 sic
1383 2776 1417 2804 et
1442 2773 1542 2805 eredo

254 2820 344 2851 Dum
371 2819 522 2860 peccatis
548 2822 769 2860 expurgatur,
1068 2819 1140 2850 Nec
1165 2819 1201 2849 in
1226 2822 1358 2859 partem
1383 2827 1526 2859 pravam
1553 2817 1648 2850 cedo.
