1785 3111
703 109 752 113 ——
815 84 893 124 511
956 107 1008 112 —

515 199 550 237 7.
601 198 838 236 Cantilenam

653 255 802 292 dilectis
835 255 946 292 sociis

594 311 719 349 Guido
751 312 865 348 mittit

647 368 747 405 hanc
779 369 825 405 de
856 368 1037 412 Basociis,

596 425 785 462 Interesse

647 487 843 528 promptus
875 482 932 518 his
962 481 1122 527 gaudiis,

589 538 672 575 Nisi
704 539 837 585 procul

646 600 744 632 esset
775 596 814 632 in
845 595 998 633 studiis.

703 653 778 690 Pro
809 651 944 688 baculo

645 709 823 745 Exsultet
853 708 966 744 hodie

706 766 829 802 clerus
861 775 943 802 cum
976 763 1129 812 populo.

156 866 221 908 Ep.
260 866 374 897 XXII.
411 882 456 886 —
491 865 639 897 Dilectis
683 866 718 895 in
756 865 894 896 Christo
934 865 1083 895 Domino
1124 863 1291 894 fratribus
1333 868 1366 894 et
1407 864 1512 893 sociis
1559 864 1632 893 suis

61 911 418 944 CathalaunensibuS.
454 929 498 933 -—
536 910 696 943 Schluss:
736 911 931 951 „Invitatus
973 913 1088 940 autem
1126 911 1263 940 vestrae
1301 908 1548 940 sollemnitatis
1589 908 1633 939 ad

63 957 212 999 gaudia,
244 957 328 998 quia
359 956 580 987 scholaribus
613 955 764 987 vinculis
789 956 945 987 irretitus
972 954 1138 986 advenire
1163 964 1233 985 non
1257 964 1419 996 possum,
1452 964 1495 985 ne
1521 958 1635 985 totum

62 1003 182 1034 deesse
207 1012 262 1034 me
287 1001 434 1040 doleam,
460 1002 588 1043 quibus
613 1002 783 1032 interesse
807 1000 1004 1042 gauderem,
1030 1010 1100 1031 non
1125 1000 1226 1030 timui
1247 1000 1319 1039 (sed
1346 999 1634 1030 inverecundiam

62 1050 206 1079 excusat
242 1045 398 1088 affectus)
434 1047 639 1078 subnectere
676 1056 817 1078 carmen
854 1049 887 1078 et
923 1047 1059 1077 mittere
1098 1045 1217 1083 vobis,
1260 1055 1329 1077 non
1367 1045 1507 1086 quidem
1544 1046 1633 1075 viris

60 1094 197 1125 altioris
224 1093 487 1134 intellegentiae
513 1092 817 1134 praesentandum,
844 1091 902 1123 sed
928 1092 965 1122 in
990 1091 1116 1123 chorea
1142 1091 1310 1128 lasciviae
1328 1090 1494 1121 iuvenilis
1512 1100 1629 1121 coram

59 1142 235 1181 gestatore
261 1138 379 1170 baculi
406 1138 696 1169 decantandum“.
721 1155 764 1160 —-
789 1137 869 1178 Vgl.
895 1138 1009 1169 Neues
1036 1136 1166 1167 Archiv
1191 1137 1286 1175 XVI,
1311 1133 1364 1167 84.

487 1294 569 1331 341.
606 1294 664 1338 (4.)
702 1294 748 1328 In
772 1293 997 1338 Epiphania.
1021 1292 1198 1328 Domini.

60 1390 129 1428 la.
172 1390 268 1437 Regi
301 1394 401 1436 nato,
434 1399 544 1436 quem
577 1389 736 1426 decorus
880 1388 953 1426 lb.
995 1389 1039 1426 In
1069 1387 1140 1424 hac
1173 1387 1235 1424 die
1265 1387 1391 1424 laudis
1423 1387 1540 1423 mirae

171 1447 289 1484 Dedit
318 1447 564 1492 incorruptae
594 1446 740 1494 thorus,
993 1444 1073 1481 Nos
1106 1444 1282 1491 dignetur
1313 1443 1507 1492 exaudire,

176 1504 322 1541 Psallat
364 1503 480 1540 corde
509 1506 640 1539 noster
672 1503 808 1539 chorus
992 1502 1111 1548 Quam
1143 1501 1320 1547 dignatur
1350 1500 1532 1547 insignire

228 1560 280 1597 Et.
310 1570 376 1597 ore
405 1559 584 1607 supplici,
1050 1558 1206 1595 Honore
1237 1557 1394 1604 triplici.

59 1652 132 1690 2a.
172 1651 216 1688 In
247 1651 318 1688 hac
349 1650 448 1687 enim
479 1650 675 1697 adoratur,
878 1648 950 1687 2b.
990 1648 1109 1686 Stella
1140 1648 1256 1685 solem
1291 1648 1511 1696 declaravit,

168 1708 214 1746 In
244 1708 410 1746 Iordane
439 1706 669 1755 baptizatur,
990 1706 1132 1743 Praeco
1163 1704 1319 1741 verbum
1352 1704 1574 1751 baptizavit,

169 1766 281 1811 Aqua
312 1764 441 1802 vinum
472 1767 716 1800 consecratur
988 1763 1138 1808 Aquam
1170 1761 1297 1798 vinum
1331 1760 1548 1798 dulcoravit

229 1821 368 1858 Divino
398 1830 566 1858 munere.
1047 1820 1197 1856 Mutato
1229 1828 1379 1865 genere.

57 1914 126 1953 3a.
167 1912 291 1959 Reges
322 1921 451 1960 regem
482 1911 656 1948 veritatis
880 1909 952 1948 ab.
994 1908 1231 1948 Confitentur
1263 1909 1362 1946 enim
1392 1920 1487 1956 pure

170 1968 265 2006 Tres
297 1968 463 2006 adorant
493 1967 616 2005 tribus
649 1967 761 2015 datis,
991 1967 1133 2013 Regem
1165 1976 1270 2012 auro,
1303 1965 1423 2003 Deum
1456 1969 1554 2011 ture,

169 2025 288 2063 Trina
320 2024 435 2062 fidem
466 2024 650 2062 trinitatis
990 2023 1163 2060 Murram
1197 2022 1305 2059 dedit
1336 2023 1554 2070 sepulturae

227 2081 362 2129 Signat
391 2081 547 2121 oblatio.
1048 2079 1150 2116 Mira
1183 2079 1346 2119 devotio.

56 2174 131 2212 4³.
177 2172 291 2209 Lavit
321 2172 469 2219 plasma
495 2172 776 2220 plasmatorem,
875 2170 949 2210 4b.
988 2170 1064 2208 Sed
1082 2170 1166 2216 quis
1182 2170 1277 2206 lavit
1294 2167 1482 2216 etquem?
1504 2168 1627 2206 Deum

167 2228 282 2266 Lavit
310 2228 473 2266 mundus
503 2228 755 2273 mundiorem,
989 2227 1124 2274 Homo,
1158 2237 1289 2263 servus
1322 2236 1461 2273 regem,
1494 2235 1592 2275 eum,

168 2285 282 2322 Lavit
312 2290 464 2322 sanctus
495 2285 735 2333 sanctiorem,
991 2284 1063 2329 Qui
1094 2282 1256 2319 redemit
1287 2294 1394 2320 suum
1425 2292 1530 2320 reum

225 2341 387 2379 Fontem
414 2341 452 2378 in
484 2340 648 2380 flumine.
1048 2339 1209 2386 Proprio
1240 2339 1434 2387 sanguine.

56 2434 127 2471 5a.
168 2431 317 2469 Novum
347 2443 442 2478 opus
474 2435 511 2468 et
543 2431 732 2469 divinum!
876 2433 897 2469 5
915 2429 951 2468 b.
990 2431 1089 2468 Dum
1120 2428 1262 2467 factum
1285 2435 1354 2477 est,
1385 2434 1426 2467 ut
1447 2431 1626 2480 imperat,

167 2489 280 2535 Aqua
313 2488 439 2535 coepit
470 2498 552 2525 esse
584 2488 724 2534 vinum,
988 2487 1088 2524 Dum
1120 2487 1271 2525 diversa
1303 2486 1550 2525 confoederat

169 2544 417 2583 Conditorum
447 2555 488 2582 se
517 2544 708 2582 dominnm
987 2543 1040 2581 Et
1069 2548 1242 2581 naturam
1274 2541 1513 2595 rege[ne]rat

227 2601 403 2639 Ostendit
435 2602 619 2651 conditor,
1048 2600 1219 2638 Naturae
1249 2601 1407 2648 genitor.

57 2693 127 2730 6a.
172 2690 291 2729 Stella
321 2691 417 2729 duce
447 2691 605 2739 speciali
877 2690 950 2730 eb.
991 2691 1137 2728 Aurum
1170 2691 1260 2741 regi,
1295 2692 1363 2728 sed
1393 2691 1544 2728 mortali

224 2747 368 2785 Ducem
400 2752 584 2795 quaerunt
995 2753 1000 2757 '
1047 2747 1217 2785 Murram
1251 2747 1390 2795 ferunt,

283 2804 483 2851 Principes
514 2804 662 2853 Sabaei,
1104 2804 1180 2841 Tus
1211 2803 1289 2841 filio
1321 2804 1405 2841 Dei.
