1785 3111
723 46 1035 87 -581—

88 161 139 201 25
171 162 223 199 Et
249 162 432 199 inclinato
464 162 589 208 capite

172 218 293 256 Fixus
323 219 362 256 in
395 218 517 255 crucis
549 218 679 265 stipite

174 275 231 312 Tu
263 275 422 312 emisisti
452 275 629 322 spiritum

172 332 224 369 Et
254 332 339 370 orbi
368 332 483 369 talem
515 330 720 381 fremitum,

173 388 282 432 Quod
314 389 472 436 quisque
502 399 572 435 per
604 389 802 426 circuitum

88 447 139 484 30
172 445 294 482 Tuum
325 446 496 492 percepit
529 445 686 491 obitum,

175 501 226 540 Ut
258 506 394 539 cuncta
422 500 550 539 fletum
583 501 754 540 facerent

170 558 219 595 Et
254 559 441 596 elementa
471 562 690 605 tremerent,

171 615 222 654 Ut
255 627 346 653 saxa
376 626 417 652 se
449 616 711 663 dirumperent

167 672 219 709 Et
247 673 424 720 sepulcra
455 683 495 709 se
525 673 751 722 panderent,

86 730 138 767 35
171 730 225 768 Ut
255 734 382 767 terrae
411 733 534 766 motus
565 729 687 778 fieret,

170 786 307 824 Velum
338 786 472 833 templi
503 796 543 823 se
573 786 779 834 scinderet,

173 843 226 881 Ut
257 844 347 880 luna
377 843 639 880 retrocederet

173 899 313 947 Solque
344 899 709 949 contenebresceret‚

174 957 226 995 Ut
256 956 419 993 mundus
449 956 716 1003 ingemisceret

84 1014 137 1050 40
175 1013 228 1050 Et
257 1017 395 1050 natura
421 1012 515 1050 flens
546 1013 709 1051 diceret:

166 1069 248 1118 Ego
277 1070 411 1117 lugens
443 1069 589 1119 deficio,

998 161 1028 199 Ο
1060 171 1174 207 mors,
1207 170 1307 196 mors
1337 157 1597 204 lacrimabilis,

1001 217 1124 264 Super
1154 227 1264 263 quam
1296 216 1449 262 plorant
1479 214 1616 259 omnia,

914 277 965 314 45
998 274 1028 312 Ο
1061 285 1174 319 mors,
1207 284 1308 310 mors
1338 270 1606 317 lamentabilis,

1000 330 1122 378 Super
1153 341 1263 377 quam
1294 328 1387 366 fient
1417 328 1583 373 innoxia,

998 388 1028 426 Ο
1060 398 1174 431 mors,
1207 397 1308 424 mors
1340 385 1590 430 admirabilis,

999 445 1080 491 Qua
1112 445 1343 481 suscitantur
1372 442 1524 489 mortui,

998 502 1027 539 O
1060 512 1172 551 mors,
1206 511 1306 537 mors
1339 499 1561 545 amicabilis,

913 561 964 598 50
996 558 1075 603 Qua
1107 558 1323 594 exaltantur
1354 556 1511 603 strenui,

998 615 1027 652 Ο
1058 626 1159 652 mors
1191 624 1310 662 sacra,
1345 624 1445 650 mors
1474 611 1625 657 nobilis,

998 671 1072 708 Per
1103 682 1211 718 quam
1246 671 1420 707 delentur
1451 669 1607 714 scelera,

995 727 1025 765 O
1057 739 1157 764 mors
1190 727 1265 774 pia,
1298 738 1399 763 mors
1431 726 1546 770 utilis,

994 784 1069 821 Per
1099 795 1209 830 quam
1243 785 1431 821 donantur
1461 792 1629 825 munera,

910 844 960 881 55
995 843 1165 891 Praesta,
1198 845 1239 877 ut
1269 840 1363 877 haec
1394 839 1575 876 memoria

999 898 1078 935 Nos
1109 902 1236 935 teneat
1268 897 1444 934 continue

998 955 1049 992 Et
1080 955 1248 992 stimulet
1280 952 1508 1001 praecordia

1000 1012 1147 1058 Corque
1177 1017 1320 1058 pungat
1351 1010 1516 1058 assidue,

997 1069 1050 1107 Ut
1081 1069 1197 1105 menti
1228 1069 1354 1104 lumen
1384 1066 1517 1103 influat

912 1128 964 1164 60
996 1126 1047 1163 Et
1079 1126 1115 1162 in
1147 1125 1304 1172 agendis
1335 1125 1510 1169 instruat,

999 1183 1052 1221 Ut
1083 1194 1149 1219 nos
1182 1194 1203 1219 a
1235 1182 1356 1228 culpis
1389 1184 1502 1217 exuat

998 1240 1049 1276 Et
1082 1240 1182 1276 vitae
1215 1239 1354 1276 donum
1386 1237 1544 1274 tribuat.

167 1127 239 1165 Vel
271 1126 354 1164 Deo
384 1126 483 1164 inest
513 1128 655 1174 passio.

302 1234 324 1259 >12
586 1236 608 1259 >÷<

443 1268 465 1292 ἦε

180 1373 324 1405 Collect.
355 1384 419 1405 ms.
445 1374 633 1412 Ludovici,
671 1374 770 1406 ducis
795 1374 1037 1414 Aurelianen..
1075 1384 1164 1405 saec.
1199 1372 1251 1405 15.
1301 1374 1385 1406 Cod.
1409 1371 1560 1405 Parisin.
1586 1368 1663 1402 458.

89 1419 131 1451 A.
157 1435 200 1439 —
227 1418 323 1451 Orat.
352 1430 415 1451 ms.
442 1419 671 1452 Caelestinor.
697 1420 731 1451 S.
758 1420 893 1451 Mariae
918 1420 960 1451 de
984 1420 1142 1451 Parisius
1169 1430 1257 1451 saec.
1286 1418 1337 1451 15.
1387 1419 1469 1451 Cod.
1493 1418 1663 1450 Mazarin.

88 1461 178 1496 3897
203 1462 296 1504 (605)
320 1465 359 1503 B,
385 1482 428 1486 —
453 1466 549 1497 Orat.
575 1476 638 1498 ms.
665 1464 698 1497 S.
724 1466 820 1497 Petri
847 1465 1086 1507 Salisburgen.
1113 1475 1202 1497 saeC.
1231 1463 1283 1497 15.
1332 1465 1415 1497 Cod.
1440 1465 1572 1496 Petrin.
1600 1465 1620 1495 b
1645 1463 1662 1494 I

83 1507 138 1541 20.
167 1508 202 1540 C.
228 1527 273 1530 —
298 1511 394 1543 Orat.
419 1521 482 1542 mS.
508 1511 731 1543 Franciscan.
758 1512 940 1543 Monacen.
968 1521 1056 1543 saec.
1086 1509 1137 1542 15.
1163 1511 1249 1543 Clm.
1279 1511 1462 1542 Monacen.
1487 1508 1586 1542 9084.
1614 1510 1656 1541 D.

81 1572 124 1576 —
152 1554 298 1588 Collect.
324 1567 387 1588 ms.
411 1556 588 1588 Minorum
606 1558 749 1589 Trecen.
777 1558 859 1588 anni
888 1554 985 1588 1517.
1027 1557 1109 1588 Cod.
1127 1557 1298 1588 Mazarin.
1324 1554 1390 1588 996
1414 1554 1516 1596 (902).
1556 1555 1600 1586 Ε.
1617 1572 1662 1575 —

81 1601 178 1633 Orat.
207 1611 271 1633 ms.
297 1601 473 1644 Cleophae
499 1602 540 1634 de
566 1602 686 1634 Baden
712 1603 795 1634 anni
823 1600 921 1636 1516.
963 1602 1045 1633 Cod.
1071 1603 1218 1634 Paulan.
1246 1600 1298 1633 25.
1328 1601 1356 1633 1.
1385 1600 1436 1634 18.
1461 1601 1518 1641 (ol.
1539 1600 1659 1635 Sanbl.

80 1646 209 1678 memb.
234 1645 300 1687 76).
326 1648 364 1679 F.

170 1692 364 1724 Primum
388 1693 594 1725 Verbum.
627 1711 672 1715 —
704 1691 724 1725 5
759 1693 829 1724 und
867 1691 887 1725 6
913 1693 1029 1724 fehlen
1054 1693 1124 1725 AB.
1151 1712 1193 1716 ——-
1220 1691 1239 1724 6
1264 1694 1344 1724 Iesu
1369 1692 1455 1724 fehlt
1479 1692 1546 1725 CF.
1572 1708 1615 1713 —-
1641 1689 1662 1723 9

80 1736 150 1769 und
186 1735 228 1770 10
259 1737 375 1770 fehlen
400 1739 472 1770 AB.
508 1756 551 1760 —
581 1736 622 1770 13
647 1739 717 1770 und
746 1736 787 1770 14
813 1738 929 1771 fehlen
955 1738 1023 1770 AB.
1055 1757 1093 1759 —
1123 1737 1164 1770 15
1188 1739 1333 1770 verbera
1358 1738 1429 1769 AB.
1454 1755 1498 1759 —
1526 1735 1567 1769 16
1591 1747 1662 1768 non

79 1780 221 1814 vincula
244 1784 315 1816 AB.
349 1802 393 1806 —
428 1782 467 1815 17
507 1784 578 1816 und
605 1782 646 1816 18
670 1784 871 1826 umgestellt
894 1784 966 1816 AB.
992 1800 1035 1805 -—
1059 1782 1102 1815 22
1127 1795 1263 1816 crucem
1289 1784 1460 1816 scinderet
1486 1784 1523 1815 C.
1547 1801 1591 1805 —
1617 1780 1661 1813 23

82 1829 176 1860 Dum
201 1828 301 1860 dolor
326 1839 465 1861 sensum
489 1830 536 1869 A3
570 1830 657 1862 Cum
682 1830 782 1862 dolor
807 1840 946 1862 sensum
971 1830 1014 1871 B3
1043 1834 1162 1872 ageret
1186 1831 1232 1871 133
1259 1834 1402 1872 augeret
1428 1829 1464 1861 C.
1490 1846 1534 1850 —-
1558 1827 1598 1860 31
1626 1828 1660 1860 ff.

80 1873 198 1905 fehlen
224 1875 261 1906 F.
286 1892 329 1896 —
354 1873 399 1906 42
423 1875 576 1907 Praebes
606 1876 646 1907 C.
672 1892 715 1896 —
741 1873 785 1907 46
810 1876 857 1907 Et
882 1876 1024 1918 pulsant
1049 1875 1225 1907 desideria
1251 1876 1288 1908 C.

174 1919 421 1952 Secundum
454 1921 652 1953 Verbum.
679 1939 720 1942 —
746 1922 788 1953 In
812 1921 872 1952 AB
904 1921 996 1952 steht
1022 1922 1212 1962 „Quintum
1244 1918 1410 1953 verbum“
1444 1931 1490 1952 an
1522 1921 1661 1951 zweiter

81 1964 200 1996 Stelle.
229 1983 274 1987 —
299 1963 320 1997 3
343 1968 598 2008 paenitentiam
616 1967 654 1998 F.
679 1983 723 1988 —
749 1966 769 1999 6
793 1966 864 1998 und
890 1965 909 1998 7
936 1966 1052 1999 fehlen
1073 1968 1138 1998 CF.
1165 1985 1210 1988 —
1227 1966 1247 1999 6
1264 1967 1313 1999 Et
1328 1966 1514 1998 crucifixus
1532 1966 1657 1997 anxius

79 2010 121 2041 A.
157 2028 200 2032 -
226 2009 267 2043 16
293 2011 392 2043 Sicut
417 2012 563 2044 salvasti
590 2012 656 2045 CF.
681 2029 726 2033 —
751 2012 849 2044 Nach
878 2010 919 2043 16
944 2013 1033 2044 noch
1059 2012 1206 2044 einmal:
1241 2013 1348 2045 Salva
1372 2013 1594 2053 temetipsum
1622 2014 1656 2042 et

79 2066 142 2087 nos
161 2055 202 2088 A.
225 2075 272 2080 —
297 2054 338 2089 18
362 2057 450 2089 fehlt
466 2057 536 2089 AB.
562 2075 608 2079 —
631 2056 676 2090 20
700 2057 786 2089 fehlt
802 2058 878 2089 AB.
904 2075 948 2080 -—
976 2056 1019 2089 25
1045 2058 1241 2089 dulcedinis
1258 2059 1297 2089 B.
1323 2075 1368 2080 --
1396 2056 1440 2090 26
1458 2056 1657 2089 ostenderes

79 2100 180 2133 ABF.
205 2119 247 2123 ——
274 2100 317 2134 29
342 2102 424 2135 huic
449 2105 652 2135 memoriam
676 2103 748 2135 AB.
772 2122 818 2126 —
841 2100 883 2135 31
910 2103 943 2135 ff.
969 2104 1085 2135 fehlen
1110 2103 1147 2134 F.
1177 2120 1218 2123 —
1243 2100 1285 2134 37
1311 2102 1381 2134 und
1406 2100 1449 2134 38
1474 2102 1589 2133 fehlen
1616 2103 1652 2133 C.

78 2163 124 2167 —
146 2144 189 2178 41
214 2147 285 2179 und
310 2145 354 2179 42
378 2148 495 2180 fehlen
511 2149 582 2180 AB.
609 2167 655 2170 —
677 2146 722 2180 43
740 2148 826 2180 Cum
851 2152 889 2180 tu
915 2151 990 2180 sine
1015 2149 1152 2180 malitia
1171 2148 1241 2179 AB.
1266 2166 1311 2169 -
1334 2146 1379 2179 44
1395 2149 1448 2180 Tu
1467 2147 1562 2179 solus
1581 2148 1657 2179 sine

80 2192 152 2223 AB.
178 2210 224 2213 —
248 2190 293 2225 46
317 2194 492 2226 Memento
517 2196 586 2226 mei
611 2195 693 2226 AB.

171 2237 360 2271 Verbum
394 2240 608 2272 Tertium.
633 2256 677 2261 —
703 2238 723 2272 6
749 2241 840 2271 Tota
865 2239 1003 2281 perfusa
1028 2239 1167 2270 fletibus
1192 2239 1262 2271 AB.
1289 2256 1333 2260 —-
1359 2238 1377 2270 7
1402 2238 1472 2270 und
1498 2235 1518 2270 8
1543 2238 1658 2270 fehlen

77 2282 150 2314 AB.
173 2300 219 2304 -—
247 2281 289 2316 10
313 2284 384 2316 und
412 2283 449 2316 11
476 2285 593 2317 fehlen
609 2285 680 2316 AB.
705 2303 750 2306 —
777 2283 818 2317 10
843 2294 1008 2326 percussa
1034 2285 1174 2316 fletibus
1193 2284 1259 2317 CF.
1278 2302 1322 2305 —
1342 2283 1382 2316 19
1398 2285 1547 2316 Matrem
1564 2283 1654 2315 hanc

77 2327 149 2359 AB.
174 2345 219 2349 —
242 2326 287 2360 23
309 2329 464 2362 Fidelem
490 2334 588 2362 tuum
612 2330 781 2362 famulum
806 2331 876 2362 AB.
902 2347 946 2351 —-
970 2327 1014 2361 28
1041 2329 1171 2361 Christi
1200 2330 1373 2372 discipulo
1392 2330 1458 2362 CF.
1484 2346 1528 2351 -
1553 2327 1596 2361 29
1621 2328 1655 2360 ff.

79 2372 195 2404 fehlen
214 2374 250 2405 F.
278 2393 319 2397 —
345 2371 387 2406 31
413 2375 584 2407 desolatio
604 2376 642 2408 C.
668 2393 708 2397 —
735 2373 779 2407 32
796 2375 826 2407 O
851 2385 941 2417 quae
966 2377 1086 2407 matris
1112 2376 1285 2408 acerbitas
1304 2377 1341 2408 C.
1368 2395 1409 2398 —-
1428 2373 1472 2407 34
1489 2376 1556 2407 Pro
1577 2386 1657 2417 rege

79 2417 228 2496 {igifgex
257 2419 408 2496 famglus
433 2421 580 2497 ABA.B—
613 2418 760 2498 SZAulnd
796 2418 1075 2498 138bteliletntAB.
1113 2419 1226 2498 1-39
1251 2421 1283 2498 (ἒ
1305 2422 1386 2454 Iesu
1410 2425 1491 2453 tuae
1516 2421 1586 2453 AB.
1612 2438 1656 2442 —

184 2474 321 2497 ommen
347 2475 366 2496 o
392 2476 448 2497 me
536 2491 543 2497 .
567 2482 612 2487 —
735 2475 774 2499 ro
799 2477 843 2498 no
872 2477 902 2498 is
932 2477 983 2498 se
1025 2477 1064 2498 su
1130 2477 1176 2498 ici
1195 2478 1231 2499 er
1286 2491 1293 2498 .
1319 2485 1362 2488 —

170 2509 364 2543 Verbum
382 2511 610 2551 Quartum.
635 2530 679 2533 —
704 2509 725 2543 3
751 2513 989 2554 cuiuscunque
1005 2512 1044 2544 A.
1068 2476 1113 2533 12—1}
1140 2510 1160 2543 6
1186 2512 1371 2545 induxeras
1391 2512 1456 2544 CF.
1482 2530 1527 2534 ——
1546 2510 1567 2544 6
1584 2511 1655 2543 und

83 2551 104 2586 8
128 2556 333 2588 vertauscht
357 2557 424 2589 CF.
452 2574 496 2578 —
520 2554 540 2588 9
566 2557 659 2589 steht
682 2557 797 2589 hinter
824 2555 863 2589 11
883 2558 951 2589 CF.
978 2575 1016 2580 -
1047 2556 1088 2589 15
1114 2557 1202 2590 fehlt
1218 2558 1289 2590 AB.
1314 2576 1358 2580 ——
1385 2556 1426 2590 19
1451 2562 1489 2590 ut
1511 2558 1651 2589 vinculo

80 2600 147 2632 CF.
165 2617 210 2622 —
233 2599 275 2633 21
303 2601 373 2640 Qui
397 2602 475 2634 vult
499 2613 560 2644 per
584 2602 674 2634 hanc
698 2603 769 2634 AB.
795 2619 840 2624 —-
863 2600 907 2634 23
932 2605 1005 2635 Nec
1029 2603 1158 2635 dietam
1182 2605 1375 2645 potentiam
1394 2604 1460 2636 CF.
1485 2620 1530 2624 -
1554 2602 1597 2635 29
1622 2603 1655 2634 ff.

79 2645 195 2677 fehlen
226 2647 265 2679 F.
297 2665 340 2669 —
375 2646 418 2680 29
443 2659 494 2690 sq.
519 2648 590 2679 und
614 2646 656 2680 31
684 2659 733 2690 sq.
760 2649 960 2690 umgestellt
983 2650 1053 2681 AB.
1079 2666 1124 2670 —
1148 2646 1192 2681 33
1217 2649 1283 2682 fert
1307 2660 1361 2681 me
1386 2650 1431 2689 C;
1463 2649 1516 2680 Ad
1542 2653 1575 2681 te
1599 2659 1655 2680 me

82 2691 216 2723 confert
240 2692 281 2723 A.
306 2709 350 2714 —
367 2690 422 2733 >34
446 2694 514 2725 Pro
539 2703 594 2725 me
619 2697 653 2725 te
677 2695 750 2736 pati
777 2694 813 2725 C.
839 2712 883 2715 —

175 2738 362 2770 Verbum
398 2739 617 2778 Quintum
661 2757 706 2760 -—
731 2737 749 2769 7
776 2739 847 2770 und
871 2737 891 2771 8
917 2738 1031 2772 fehlen
1057 2740 1127 2772 AB.
1153 2757 1197 2761 —-
1222 2738 1242 2771 9
1268 2750 1318 2781 sq.
1344 2739 1414 2771 und
1441 2738 1480 2771 11
1508 2750 1558 2781 sq.
1584 2750 1658 2771 um-

84 2782 225 2824 gestellt
250 2782 316 2816 CF.
341 2800 385 2806 —
410 2782 431 2816 9
456 2785 549 2816 Dum
574 2787 608 2816 te
632 2784 781 2817 mundus
807 2786 979 2826 aspiceret
996 2785 1066 2817 AB.
1091 2801 1135 2807 —-
1165 2783 1207 2818 10
1230 2785 1370 2817 Nudum
1395 2786 1507 2817 instar
1523 2785 1593 2816 AB.
1613 2801 1656 2805 —-
