1785 3111
703 93 1013 133 —419—

503 271 585 307 319.
622 271 679 314 (2)
714 272 758 306 In
786 272 1011 307 Nativitate
1038 273 1213 309 Domini.

339 366 467 414 Salve,
499 364 597 403 festa
629 366 722 415 dies,
753 370 832 403 toto
864 367 1093 404 venerabilis
1125 378 1230 415 aevo,

305 471 308 474 Α
399 424 481 469 Qua
512 422 615 460 Deus
646 423 786 469 illuxit,
818 423 883 460 lux
918 427 954 460 et
984 424 1107 470 imago
1139 424 1224 463 Dei.

340 480 454 527 Eece,
487 490 607 517 novae
637 479 732 516 lucis
766 480 939 517 oriuntur
970 481 1109 528 gaudia
1141 481 1262 527 nobis,

397 536 483 574 Nox
515 536 608 585 abit,
641 536 743 573 orbis
773 540 872 583 avet,
905 548 1006 575 mors
1037 538 1208 584 peritura
1239 542 1365 585 pavet,

280 596 306 632 5
341 594 420 630 Iam
452 595 595 640 repetit
626 604 773 630 sursum
806 594 941 630 solaris
973 594 1154 640 lampada
1185 605 1347 640 cursum,

396 651 475 688 Pax
508 650 607 687 redit
640 654 676 686 et
707 650 880 696 requies,
913 651 983 687 hoc
1017 651 1125 688 docet
1157 658 1268 689 aucta
1306 651 1398 690 dies.

340 706 498 745 Saecula
529 707 694 744 iucundo
725 707 887 744 redeunt
917 707 1095 744 Saturnia
1127 708 1279 752 mundo,

395 765 523 801 Aurea
555 774 671 810 regna
702 763 850 811 vigent,
885 764 1027 811 desine,
1061 762 1186 801 ferrea
1218 765 1333 811 gens!

339 821 474 858 Omnia
506 821 702 866 mirentur,
736 824 926 869 stupeant,
959 820 1129 868 timeant,
1163 822 1414 858 venerentur!

251 878 305 916 10
396 877 468 924 Qui
498 877 595 924 regit
626 887 748 922 omne,
781 877 880 923 quod
914 881 981 927 est,
1015 876 1055 914 fit
1089 887 1189 925 caro,
1221 877 1288 914 sed
1320 877 1422 914 Deus
1454 881 1524 918 est.

334 935 441 982 Quod
474 934 777 982 patriarcharum
808 933 1048 980 typicaverat
1078 934 1213 971 umbra
1244 934 1405 981 piorum,

393 991 500 1036 Quod
526 990 587 1027 lex
617 995 653 1026 et
686 993 790 1027 vates
823 991 1022 1038 clauserat,
1056 1001 1155 1038 ecce,
1188 995 1307 1037 patet.

336 1047 454 1094 Spina
484 1057 621 1096 rosam,
654 1047 796 1085 Iudaea
828 1047 962 1094 Deum,
996 1047 1182 1084 nubecula
1213 1048 1331 1085 solem

391 1104 442 1142 Et
474 1104 603 1151 genuit
632 1103 755 1151 iugem
787 1104 898 1141 stella
930 1105 1055 1141 Maria
1088 1105 1200 1142 diem.

248 1161 301 1200 15
337 1161 453 1208 Virga
483 1159 610 1198 ferens
640 1159 770 1198 florem
803 1171 884 1197 cum
918 1160 1043 1197 fructu
1075 1161 1195 1208 spirat
1229 1161 1397 1209 odorem,

389 1218 481 1256 Flos
514 1217 701 1267 Christus,
737 1228 824 1254 caro
856 1229 944 1261 nux,
978 1218 1134 1255 nucleus
1166 1222 1221 1254 est
1256 1218 1390 1256 deitas

333 1274 403 1313 Cui
435 1274 515 1311 sine
547 1280 667 1311 matre
698 1279 819 1323 pater,
851 1275 910 1311 cui
941 1279 1050 1321 patre
1082 1279 1206 1312 manet
1239 1275 1320 1312 sine
1350 1279 1484 1324 mater,

390 1331 549 1368 Dixerat
580 1334 622 1367 ut
654 1331 823 1377 Gabriel,
857 1331 1026 1368 nascitur
1059 1332 1296 1370 Emmanuel.

332 1387 456 1434 Salve,
489 1392 600 1434 porta
632 1388 716 1436 Dei,
749 1388 823 1434 via,
856 1388 962 1435 virgo
994 1389 1130 1437 Maria,
1167 1389 1254 1429 diei,

238 1446 290 1483 20
384 1445 456 1481 Per
486 1455 597 1491 quam
628 1445 692 1482 lux
724 1445 826 1481 orbis
858 1443 963 1482 fulsit
992 1445 1040 1482 ab
1072 1456 1159 1482 arce
1195 1446 1328 1492 patris.

156 1557 301 1590 Collect.
335 1567 396 1588 ms.
430 1556 465 1589 S.
496 1557 632 1588 Nicolai
669 1558 849 1589 Patavien.
886 1568 975 1589 saec.
1011 1555 1061 1588 12.
1097 1558 1183 1590 Ulm.
1209 1558 1391 1589 Monaceni
1429 1554 1556 1590 16073.
1592 1576 1636 1579 —

63 1604 119 1636 Da
151 1604 213 1636 das
239 1603 327 1634 Lied
357 1603 394 1633 in
426 1602 539 1634 dieser
565 1602 794 1634 Handsehrit't
827 1603 999 1634 zwisehen
1025 1603 1218 1636 Gedichten
1244 1603 1446 1635 Hildeberts
1473 1603 1565 1635 stelit
1591 1621 1632 1625 ——

59 1659 97 1681 es
124 1649 211 1692 folgt
238 1648 481 1680 unmittelbar:
507 1648 729 1679 Tollimur
753 1659 770 1679 e
798 1649 936 1680 medio
965 1650 1074 1680 fatis
1102 1649 1370 1690 urgentibus
1389 1659 1555 1687 omnes,
1583 1660 1636 1680 so-

58 1694 172 1726 dann:
203 1695 252 1726 In
283 1694 435 1725 natale
469 1704 597 1725 sacro
629 1704 770 1725 novae
802 1694 1041 1725 sollemnia
1074 1696 1241 1726 missae
1270 1696 1334 1725 mit
1358 1694 1418 1726 der
1442 1694 1635 1726 Autschrift

63 1739 295 1781 „Eiusdem
313 1740 384 1772 Cur
409 1741 445 1770 in
470 1739 587 1771 natale
606 1740 671 1771 Dei
697 1743 766 1771 tres
793 1740 1011 1771 celebrentur
1037 1737 1183 1771 missa&
1212 1757 1266 1777 —,
1292 1739 1428 1772 zweifle
1451 1739 1506 1772 ich
1526 1740 1634 1777 nicht,

57 1785 135 1817 dass
177 1796 213 1818 es
253 1796 322 1817 von
361 1785 545 1817 Hildebert
585 1786 654 1823 sei,
696 1785 819 1816 dessen
856 1786 954 1818 Geist
993 1795 1028 1816 es
1068 1785 1339 1817 unverkennbar
1375 1788 1491 1817 atmet.
1555 1786 1632 1828 Vgl.

59 1829 164 1863 Anal.
191 1831 320 1870 XLIII,
351 1828 400 1862 18.

387 1988 469 2023 320.
506 1988 563 2030 (3)
600 1988 658 2022 De
685 1988 934 2031 virginitate
960 1988 1105 2023 beatae
1132 1988 1303 2024 Mariae.

234 2081 311 2129 801,
345 2082 561 2130 crystallus,
594 2093 691 2128 aqua
724 2082 816 2119 dant
847 2083 1144 2129 qualemcunque
1175 2081 1333 2129 figuram

290 2138 459 2185 Virginei
488 2143 619 2187 partus
648 2138 927 2185 aedificantque
958 2138 1084 2177 fidem.

229 2195 269 2233 Si
299 2195 468 2242 tingatur
497 2195 604 2242 aquis
637 2199 673 2232 et
703 2196 772 2232 soli
805 2196 1026 2240 subiciatur,

286 2252 480 2290 Scintillas
508 2251 657 2299 profert
687 2253 836 2298 integer
865 2253 930 2288 ille
962 2252 1074 2297 lapis.

170 2311 195 2348 5
228 2308 402 2345 Flamine
432 2309 487 2345 sic
517 2309 697 2345 mundata
728 2320 836 2345 sacro
868 2309 1110 2354 subiectaque
1142 2309 1211 2345 soli

284 2365 457 2402 Iustitiae
488 2366 637 2414 peperit
669 2365 816 2411 integra
842 2366 946 2411 virgo
981 2366 1112 2402 Deum.

227 2421 267 2459 Si
298 2421 394 2458 bene
426 2427 560 2458 cuncta
591 2426 710 2465 notes,
743 2433 853 2468 aqua,
886 2422 954 2465 sol,
989 2420 1191 2469 crystallus
1225 2425 1259 2457 et
1292 2420 1389 2468 ignis

284 2478 378 2516 Sunt
408 2477 555 2528 flamen,
587 2478 757 2520 verbum.
791 2479 897 2524 virgo
930 2479 1105 2524 Deusque
1138 2488 1243 2523 puer.

226 2534 385 2572 Flamen
417 2546 548 2583 aquae,
582 2535 739 2571 verbum
771 2535 852 2584 soli,
886 2535 1106 2581 virguncula
1138 2544 1318 2581 gemmae.

142 2592 193 2630 10
285 2591 409 2638 Stirps
441 2593 518 2639 igni
550 2592 711 2638 quadam
747 2591 962 2628 conditione
994 2592 1080 2630 coit.

223 2648 382 2686 Flamen
415 2659 524 2695 aqua,
556 2648 641 2695 quia
674 2649 765 2686 lavit
799 2659 892 2696 eam,
923 2648 1153 2694 verbumque
1184 2659 1387 2695 supernum

284 2704 360 2751 Sol⁷
394 2706 481 2752 quia
512 2716 585 2742 11011
617 2706 734 2742 violat
765 2709 801 2741 et.
832 2710 957 2742 tamen
988 2705 1106 2742 intrat
1137 2715 1231 2743 eam.

227 2760 344 2808 Virgo
375 2761 485 2808 lapis,
518 2762 606 2809 quia
637 2762 744 2808 virgo
775 2762 887 2811 parit,
919 2772 1014 2808 puer
1045 2762 1225 2808 exprimit
1256 2762 1391 2809 ignem,

280 2817 378 2854 Nam
413 2818 551 2855 virtute
582 2818 708 2865 micat,
739 2818 879 2855 lumine
911 2818 1027 2855 corda
1059 2819 1194 2864 replet.

1339 2881 1409 2915 27*
