1785 3111
690 30 972 71 ——39—

368 147 403 193 7,
465 145 522 182 Tu
552 145 657 193 mihi,
691 145 856 193 Christe,
890 145 1064 183 columba
1094 150 1242 192 potens,

467 202 654 249 Sanguine
685 206 795 249 pasta
829 203 888 239 cui
920 203 1023 239 cedit
1053 202 1145 253 avis,

462 259 519 296 Tu
550 259 682 296 niveus
714 269 784 305 per
814 259 913 296 ovile
944 264 1047 296 tuum

467 319 599 363 Agnus
631 315 736 353 hiare
767 316 897 362 lupum
929 316 1110 362 prohibes

466 372 543 410 Sub
574 372 662 420 iuga
692 372 845 420 tigridis
876 384 943 410 ora
973 383 1162 419 premens.

368 483 420 520 8.·
465 481 537 528 Da,
570 481 740 527 locuples
771 480 884 529 Deus,
919 480 989 516 hoc
1019 478 1171 517 famulis

463 537 554 575 Rite
582 537 841 584 precantibus,
874 541 915 573 ut
946 537 1049 573 tenui

463 594 641 631 Membra
674 593 757 631 cibo
789 598 962 630 recreata
993 594 1133 641 levent,

467 651 551 688 Neu
580 651 689 698 piger
719 650 933 687 immodicis
966 650 1128 697 dapibus

468 708 625 745 Viscera
657 712 764 745 tensa
795 711 928 755 gravet
960 707 1189 744 stomachus.

369 816 407 855 9.
469 816 636 853 Haustus
667 827 818 853 amarus
850 815 982 852 abesto
1014 815 1158 864 procul,

467 873 526 910 Ne
555 872 672 909 libeat
706 872 875 920 tetigisse
906 883 1019 909 manu

465 929 636 967 Exitiale
668 929 760 976 quid
792 934 857 966 aut
888 929 1059 974 vetitum,

467 986 609 1024 Gustus
642 992 678 1022 et
715 987 798 1033 ipse
829 987 982 1023 modum
1013 990 1153 1031 teneat,

469 1044 637 1090 sospitet
669 1048 707 1080 ut
740 1044 846 1080 iecur
875 1044 1076 1081 incolume.

341 1153 406 1190 10.
468 1151 592 1189 Credo
623 1151 809 1198 equidem,
842 1161 964 1199 neque
995 1161 1092 1187 vana
1122 1149 1231 1196 fides,

467 1208 638 1256 Corpora
668 1208 798 1245 vivere
829 1219 933 1245 more
963 1208 1132 1254 animae3

467 1265 565 1302 Nam
598 1266 710 1302 modo
742 1276 964 1312 corporeum
996 1263 1149 1300 memini

468 1322 527 1359 De
559 1323 810 1370 Phlegetonte
840 1322 961 1369 gradu
995 1321 1101 1358 facili

466 1379 530 1416 Ad
563 1390 720 1426 superos
752 1389 941 1416 remeasse
974 1378 1110 1416 Deum.

171 1486 275 1528 Trop.
303 1496 364 1519 ms.
391 1486 652 1518 Cremifanense
677 1497 766 1519 saec.
795 1484 846 1518 12.
888 1487 971 1519 cod.
1000 1485 1220 1518 Cremifanen
1246 1481 1322 1516 309.
1348 1500 1391 1504 —
1416 1483 1447 1524 2,
1476 1483 1491 1516 1
1512 1485 1591 1516 Hic.
1610 1504 1647 1507 ›—

80 1530 112 1570 4,
138 1529 158 1562 5
185 1542 344 1573 superna.
370 1549 413 1553 —
440 1530 470 1571 7,
503 1530 523 1563 5
550 1533 633 1574 iuga
657 1533 792 1574 tyridis.
820 1551 863 1555 —
889 1531 920 1569 9,
954 1532 973 1564 5
1002 1534 1094 1564 iecor
1120 1530 1339 1561 incolumem.
1365 1546 1408 1550 —
1437 1528 1489 1570 10,
1524 1528 1544 1561 2
1570 1530 1651 1563 Cor-

80 1587 165 1618 pora
190 1578 331 1609 vincere
356 1580 464 1609 morte
489 1579 635 1610 animas.

401 1712 460 1749 40.
496 1713 552 1753 (15
563 1715 604 1754 e.)
643 1714 791 1749 Versus
817 1713 857 1747 in
885 1713 1042 1748 Pascha
1069 1714 1162 1748 ante
1189 1712 1333 1748 cibum.

545 1782 714 1823 (cathem.
740 1784 805 1821 111,
834 1781 961 1818 1—25:
991 1781 1192 1821 171-180).

372 1877 407 1915 1.
470 1876 500 1914 Ο
533 1874 698 1913 crucifer
729 1876 838 1923 bone,
871 1876 965 1912 lucis
997 1882 1113 1924 sator,

471 1933 722 1979 Omniparens
754 1933 832 1981 pie,
865 1932 1081 1979 verbigena.

471 1990 587 2027 Edite
620 2000 778 2038 corpore
809 1989 991 2036 virgineo,

474 2046 550 2084 Sed
582 2047 688 2093 prius
720 2047 758 2083 in
790 2047 960 2094 genitore
991 2052 1136 2096 potens,

474 2104 604 2153 Astra,
635 2104 768 2149 solum,
802 2114 906 2141 mare
937 2115 1047 2150 quam
1079 2104 1226 2144 fierent.

374 2207 413 2244 2.
474 2206 560 2243 Huc
590 2205 724 2256 nitido,
758 2216 906 2255 precor,
941 2206 1079 2242 intuitu

474 2262 608 2299 Flecte
638 2262 875 2300 salutiferam
907 2261 1055 2311 faciem,

473 2321 619 2357 Fronte
651 2330 807 2356 serenus
839 2323 876 2355 et
906 2320 1062 2367 irradia,

472 2376 646 2414 Nominis
677 2380 719 2413 ut
750 2376 819 2413 sub
851 2376 993 2413 honore
1024 2377 1077 2413 tui

474 2433 555 2470 Has
585 2434 716 2480 epulas
748 2433 862 2470 liceat
894 2444 1043 2480 capere,

373 2536 412 2574 3.
473 2535 527 2572 Te
558 2536 639 2572 sine
672 2535 782 2572 dulce
814 2536 921 2583 nihil,
954 2536 1128 2583 Domine,

473 2592 555 2629 Nec
585 2592 690 2630 iuvat
721 2602 785 2629 ore
817 2593 908 2639 quid
939 2593 1135 2639 adpetere,

472 2649 613 2687 Pocula
643 2649 680 2686 ni
712 2649 817 2696 prius
849 2655 962 2696 atque
994 2649 1110 2695 cibos,

475 2706 639 2752 Christe,
672 2710 758 2743 tuus
791 2704 899 2743 favor
928 2706 1106 2744 imbuerit

449 2762 605 2800 ‘Omnia
633 2761 895 2799 sanctificante
926 2762 1015 2802 fide.
