1785 3111
76 190 115 228 3.
147 188 294 236 Dulcis,
325 190 491 233 sacrata,
522 186 678 232 blanda,
894 188 931 224 6.
964 185 1150 223 Accedite
1181 194 1271 232 ergo
1303 184 1408 232 digni

144 244 290 288 Electa,
322 255 432 292 pura,
464 244 638 291 pulchra,
966 243 1030 281 Ad
1061 241 1222 289 gratiam
1253 241 1411 289 lavacri,

145 300 294 339 Sudans
324 301 467 338 honore
497 301 626 349 mella,
967 300 1047 345 Quo
1079 297 1184 336 fonte
1215 298 1378 335 recreati

142 358 286 405 Rigans
317 358 435 395 odore
466 357 643 407 chrisma,
965 354 1201 405 Refulgeatis
1233 355 1332 403 agni.

71 457 108 494 4.
142 454 187 490 In
218 464 292 500 qua
321 453 545 501 redemptor
574 453 677 490 orbis
895 453 931 493 7,
963 451 1038 488 Hic
1068 462 1204 499 gurges
1237 455 1294 488 est
1323 450 1449 489 fidelis

142 510 200 547 De
231 514 353 547 morte
383 511 492 547 vivus
524 511 603 547 exit
964 509 1135 555 Purgans
1166 508 1315 555 liquore
1342 512 1503 554 mentes,

141 567 205 614 Et,
237 578 331 614 quos
364 573 502 605 catena
532 567 667 613 vinxit,
964 565 1063 602 Dum
1095 575 1183 602 rore
1215 576 1352 612 corpus
1384 565 1491 611 udat,

146 623 326 671 Sepultus
356 625 422 661 ille
453 624 579 662 solvit.
963 623 1126 660 Peccata
1157 621 1271 668 tergit
1301 621 1416 662 unda.

72 722 110 760 5.
142 721 261 768 Quam
292 719 466 759 Christus
497 720 649 767 aperuit
892 719 929 756 8.
964 718 1138 755 Gaudete
1175 717 1383 764 candidati,

142 777 205 816 Ad
235 777 402 825 gentium
431 777 605 822 salutem,
961 775 1098 812 Electa
1129 785 1220 811 vasa
1251 775 1370 821 regni,

144 834 259 872 Cuius
287 833 441 870 salubre
472 844 562 870 cura
963 833 1006 869 In
1038 836 1160 868 morte
1193 831 1418 879 consepulti,

142 891 260 928 Redit
289 894 429 927 novata
456 890 619 938 plasma.
963 888 1107 926 Christi
1137 887 1214 925 fide
1246 889 1382 926 renati.

146 984 351 1017 Pontificale
384 995 446 1016 ms.
480 985 689 1016 Pictavense
722 995 811 1016 saec.
846 982 876 1016 8.
935 984 1018 1016 (jod.
1043 984 1192 1015 Parisin.
1223 984 1345 1015 Arsen.
1379 981 1455 1015 227.
1481 985 1544 1015 mit
1569 985 1629 1016 der

53 1030 294 1072 Bemerkung3
322 1031 487 1072 „Interim
513 1032 651 1062 canitur
667 1041 787 1062 versus
806 1030 1047 1062 Fortunati
1067 1030 1318 1071 presbyteri
1336 1030 1379 1061 ad
1399 1027 1627 1071 baptizatos.“

53 1093 96 1098 —
122 1075 152 1114 5,
181 1073 202 1108 3
227 1076 379 1116 salubri3
406 1077 578 1108 Fortunat
602 1080 690 1107 setzt
714 1075 833 1118 hiiufig
858 1075 936 1107 dem
960 1076 1069 1107 Verse
1095 1075 1211 1107 zulieb
1236 1075 1292 1106 die
1316 1075 1549 1107 Ablativform
1569 1076 1632 1107 auf

53 1133 81 1161 e,
107 1133 161 1154 wo
186 1123 199 1153 i
223 1122 414 1164 gefordert;
450 1122 520 1164 vgl.
546 1123 618 1153 Leo
644 1133 676 1163 p.
703 1119 768 1153 389
795 1132 819 1152 s.
847 1132 878 1151 v.
905 1121 1162 1152 Ablativus.
1191 1137 1236 1141 —
1261 1119 1291 1158 5,
1316 1118 1339 1151 4
1362 1122 1418 1153 Da
1443 1121 1498 1152 die
1524 1122 1627 1153 Form

52 1168 204 1210 plasma,
242 1167 399 1209 plasmae
435 1168 491 1199 bei
526 1166 753 1198 Commodian
790 1167 863 1198 sich
897 1166 1006 1198 findet
1036 1166 1197 1208 (Apolog.
1233 1163 1330 1205 31‹]):
1367 1166 1557 1198 Descendit
1590 1168 1627 1198 in

50 1214 224 1245 tumulum
250 1214 422 1244 Dominus
453 1222 536 1244 suae
571 1213 727 1254 plasmae
753 1210 949 1250 misertus&
983 1212 1069 1243 wird
1095 1212 1157 1243 das
1184 1212 1421 1243 Vorkommen
1447 1213 1628 1244 derselben

52 1260 106 1291 bei
134 1260 306 1291 Fortunat
329 1258 428 1290 nicht
452 1258 692 1290 unerkliirlich
718 1260 805 1290 sein.
834 1276 874 1280 —
900 1257 931 1296 7,
957 1255 978 1289 3
1005 1257 1117 1289 sudat.

142 1305 210 1337 Die
225 1304 546 1346 Verfasserangabe
564 1304 625 1335 der
638 1305 703 1336 Hs.
718 1304 836 1335 wiirde
853 1305 910 1336 bei
927 1304 1005 1335 dem
1024 1303 1122 1334 Alter
1139 1303 1255 1334 dieser
1273 1303 1343 1334 und
1361 1302 1404 1334 da
1423 1304 1472 1333 sie
1492 1313 1554 1334 aus
1568 1303 1628 1334 der

49 1349 294 1382 Bischofstadt
309 1350 500 1381 Fortunats
530 1349 640 1382 selbst
657 1354 809 1386 stammt,
835 1350 1069 1390 unbedingtes
1087 1349 1285 1380 Vei-tranen
1301 1348 1501 1385 verdienen,
1527 1359 1627 1379 wenn

49 1396 149 1428 nicht
182 1396 249 1428 Str.
286 1393 306 1426 5
330 1395 458 1427 Fehler
487 1395 663 1427 aufwiese.
713 1396 804 1426 Zwei
831 1394 1117 1438 derselbennsind
1142 1393 1354 1426 vorstehend
1381 1394 1530 1426 erkliirt:
1566 1394 1627 1425 der

53 1441 157 1474 dritte
193 1440 376 1482 apernit
407 1439 450 1482 (5,
486 1440 517 1480 1)
548 1441 632 1472 wird
668 1441 731 1472 auf
759 1440 995 1482 mangelhafte
1019 1439 1292 1480 Uberlieferung
1324 1439 1626 1471 zuriickzufiihren

53 1489 138 1525 sein,
164 1487 209 1518 da
233 1487 294 1518 das
315 1487 418 1518 Wort
442 1487 571 1518 ebenso
598 1486 753 1518 schlecht
777 1487 814 1517 in
848 1486 914 1518 den
933 1487 1022 1519 Sinn
1047 1485 1099 1516 als
1126 1486 1162 1516 in
1180 1485 1241 1516 das
1265 1485 1444 1516 Versmass
1463 1485 1537 1516 sich
1556 1486 1627 1517 ein-

52 1532 138 1575 ffigt.
187 1533 290 1564 Denn
326 1542 397 1563 was
431 1533 498 1564 soll
532 1542 569 1563 es
601 1532 753 1563 heissen:
787 1532 948 1564 Christus
980 1536 1117 1562 noctem
1149 1530 1312 1572 aperuit?
1358 1531 1443 1562 Man
1468 1534 1629 1562 erwartet

52 1580 110 1610 ein
134 1579 238 1610 Wort
262 1579 309 1609 im
335 1577 442 1610 Sinne
466 1588 536 1609 von
563 1576 771 1620 „geheiligt“
801 1577 884 1609 oder
909 1576 1102 1609 ahnliches.

437 1735 493 1770 71.
530 1735 588 1777 (6.)
624 1735 800 1778 Hymnus
826 1734 868 1769 in
894 1734 1039 1769 Natale
1063 1733 1242 1768 Domini.

70 1830 107 1870 1.
138 1830 333 1877 Agnoscat
356 1840 467 1866 omne
497 1829 688 1866 saeculum
891 1832 926 1867 5.
961 1829 1176 1875 Praesaepe
1207 1828 1297 1874 poni
1327 1827 1498 1874 pertulit,

140 1886 299 1923 Venisse
332 1886 432 1923 vitae
462 1887 686 1934 praemium,
959 1885 1029 1932 Qui
1061 1885 1157 1921 lucis
1189 1889 1323 1921 auctor
1354 1884 1513 1933 exstitit,

138 1944 232 1981 Post
261 1943 380 1980 hostis
413 1943 540 1991 asperi
570 1943 697 1990 iugum
960 1942 1052 1979 Cum
1084 1947 1194 1989 patre
1227 1941 1352 1978 caelos
1384 1941 1569 1987 condidit,

139 2000 333 2048 Apparuit
363 2000 590 2048 redemptio.
960 1998 1037 2036 Sub
1069 2003 1190 2036 matre
1220 2009 1367 2045 pannos
1397 1998 1535 2036 induit.

67 2097 105 2136 2.
137 2096 272 2134 Esaias
304 2106 399 2142 quae
431 2096 633 2143 praecinit,
892 2098 930 2133 6.
963 2095 1102 2141 Legem
1136 2093 1243 2130 dedit
1273 2093 1337 2140 qui
1368 2094 1531 2142 saeculo,

138 2152 336 2200 Completa
368 2157 457 2190 sunt
486 2153 526 2190 in
560 2153 717 2201 virgine,
963 2151 1077 2189 Cuius
1120 2151 1250 2188 decem
1285 2156 1493 2198 praecepta
1523 2155 1623 2199 sunt,

138 2209 392 2247 Annuntiavit
421 2210 578 2256 angelus
963 2208 1165 2255 Dignando
1198 2206 1321 2244 sactus
1352 2211 1410 2244 est
1441 2207 1553 2244 homo

143 2266 304 2304 Sanctus
336 2266 501 2314 replevit
532 2266 702 2314 spiritus.
963 2264 1040 2303 Sub
1073 2265 1166 2312 legis
1199 2274 1281 2301 esse
1311 2264 1475 2302 vinculo.

73 2363 109 2400 3.
141 2363 267 2400 Maria
296 2367 430 2400 ventre
462 2363 628 2410 concipit
894 2363 929 2401 7.
962 2361 1088 2398 Adam
1119 2365 1227 2398 vetus
1260 2360 1362 2407 quod
1393 2360 1543 2407 polluit,

141 2419 261 2456 Verbi
292 2418 418 2457 fidelis
449 2420 604 2465 semine,
961 2418 1086 2455 Adam
1119 2428 1238 2454 novus
1268 2417 1341 2453 hoc
1370 2416 1504 2462 abluit,

143 2476 261 2522 Quem
292 2480 395 2514 totus
427 2476 531 2513 orbis
562 2487 636 2513 non
670 2475 785 2524 capit,
964 2475 1128 2511 Tumens
1161 2474 1261 2520 quod
1292 2473 1359 2510 ille
1392 2473 1517 2523 deicit,

143 2533 306 2571 Portant
336 2533 484 2580 quellae
515 2533 675 2571 viscera.
966 2531 1210 2568 Humillimus
1243 2530 1306 2567 hic
1338 2530 1462 2577 erigit.

65 2629 103 2666 4.
136 2628 262 2666 Radix
294 2629 398 2665 Iesse
427 2627 557 2665 floruit
891 2628 927 2667 8.
960 2628 1041 2664 Iam
1072 2633 1161 2664 nata
1192 2626 1256 2662 lux
1289 2630 1346 2662 est
1377 2629 1412 2661 et
1444 2626 1556 2673 salus,

137 2684 190 2722 Et
219 2685 326 2732 virga
358 2683 522 2722 fructum
555 2685 689 2730 edidit,
959 2683 1107 2731 Fugata
1136 2694 1211 2720 nox
1243 2687 1281 2719 et
1312 2682 1413 2719 victa
1443 2693 1571 2730 1n0rs3

139 2740 321 2779 Fecunda
351 2746 499 2788 partum
532 2741 692 2789 protulit
957 2740 1106 2789 Venite,
1137 2743 1281 2787 gentes,
1315 2738 1472 2788 credite,

134 2797 185 2834 Et
214 2798 320 2845 virgo
350 2802 473 2836 mater
502 2802 713 2846 permanet.
956 2797 1078 2834 Deum
1110 2796 1236 2833 Maria
1267 2795 1445 2843 protulit.
