1785 3111
773 60 1077 101 μ360-

150 179 222 216 43.
266 176 405 214 Christi
436 175 594 221 figuram
626 185 779 212 aeneam
965 174 1038 214 4b.
1080 175 1131 212 Et
1162 175 1369 212 intuentem
1401 175 1580 221 populum

262 232 480 269 intuebatur
510 231 671 278 populus
1078 231 1250 269 Christus
1281 236 1460 268 venturus
1490 231 1529 268 in
1557 241 1669 268 carne

260 288 435 334 antiquus
467 288 505 324 in
535 288 649 335 ligno,
1076 288 1250 326 salvabat
1279 299 1302 325 a
1331 294 1463 326 morte.

149 383 217 418 5a.
259 379 344 416 Hoc
374 379 496 415 crucis
526 383 721 424 tropaeum
960 378 1033 416 5b.
1075 379 1147 425 Qui
1176 377 1301 415 ferens
1333 379 1371 415 in
1403 389 1514 414 cruce

259 436 467 482 praecessit
499 446 658 483 crucem,
1072 440 1220 472 nostros
1252 436 1453 484 languores

260 492 357 538 quod
394 492 431 528 in
463 492 563 539 ligno
596 491 841 538 crucifigendi
1071 502 1189 540 ovem,
1212 503 1320 538 quam
1344 492 1462 528 hostis
1480 491 1702 537 abstulerat,

259 547 534 598 crucifigendus
565 548 712 596 agebat.
1074 548 1196 585 victor
1226 552 1396 595 reportat
1428 548 1580 586 umeris.

148 641 218 677 63.
263 638 412 676 Christe
442 639 538 685 Iesu,
962 638 1037 677 6b.
1080 639 1175 676 Dele
1209 639 1357 684 culpam

261 694 418 732 fili-Dei
449 695 662 738 athanatos,
1076 701 1124 742 et⁷
1156 706 1266 742 quam
1299 706 1368 741 pro
1390 695 1502 741 culpa
1523 695 1701 745 patimur,

261 752 324 798 qui
354 752 570 798 unigenitus
601 753 805 801 theotocos,
1074 752 1165 788 tolle
1191 751 1433 789 afflictionem
1466 752 1649 799 corporis,

259 809 424 845 intactae
455 809 625 855 virginis,
1076 809 1206 857 hagios
1237 820 1258 845 o
1291 808 1409 856 theos,

259 876 393 912 passus
426 876 463 901 es
494 866 532 902 in
564 876 686 907 cruce,
1075 876 1144 912 per
1174 865 1351 901 virtutem
1384 865 1519 904 crucis.

241 965 344 999 Grad.
371 976 433 996 ms.
461 966 717 1003 Secoviense(¹?)
742 975 831 998 sace.
859 963 909 996 12.
952 965 1034 997 Cod.
1060 965 1303 997 Vindobonen.
1333 963 1459 996 13:314.
1480 966 1515 996 A.
1543 983 1584 987 —
1609 966 1708 996 Miss.

148 1022 211 1042 ms.
248 1011 456 1043 seem-tense
494 1020 582 1042 saec.
621 1008 671 1041 12.
721 1011 802 1043 Cod.
838 1010 1002 1042 Graecen.
1037 1009 1112 1042 769.
1146 1011 1222 1042 add.
1250 1020 1338 1041 saec.
1368 1008 1451 1041 ¹212.
1477 1011 1517 1042 Β.
1543 1028 1584 1031 -
1609 1011 1708 1042 Miss.

151 1067 213 1087 ms.
239 1056 515 1088 Millestadiense
551 1066 639 1087 saec.
678 1053 728 1086 12.
778 1056 860 1087 Cod.
885 1057 1052 1087 Virunen.
1083 1052 1188 1093 (Hist.
1220 1057 1347 1087 Verein
1379 1055 1401 1086 f.
1427 1055 1620 1094 Kiirnthen)
1643 1054 1710 1088 214

142 1100 242 1142 (⁶³25).
276 1102 312 1134 C.
346 1119 390 1122 —
422 1102 519 1133 Miss.
551 1112 613 1132 ms.
647 1101 855 1133 Secoviense
888 1111 976 1132 saec.
1019 1100 1067 1133 12.
1094 1112 1145 1132 ex.
1195 1101 1277 1133 Cod.
1302 1102 1469 1133 Graecen.
1494 1099 1572 1132 479.
1598 1102 1639 1132 D.
1666 1119 1708 1123 —

150 1148 256 1179 Grad.
282 1158 344 1178 mS.
370 1145 615 1186 pataviense&
657 1157 745 1178 saec.
773 1144 824 1178 13.
873 1147 955 1178 Cod.
982 1147 1154 1178 Hilarien.
1173 1147 1363 1178 CXLVIII.
1389 1147 1430 1178 E.
1457 1164 1500 1167 —
1525 1147 1619 1177 Miss.
1646 1157 1708 1178 ms.

153 1193 355 1225 Mellicense
388 1203 476 1224 saec.
513 1192 561 1224 13.
615 1193 696 1224 Cod.
723 1192 897 1223 Mellicen.
928 1190 1024 1224 1701.
1051 1193 1087 1223 F.
1113 1210 1154 1213 —
1180 1192 1277 1223 Miss.
1304 1202 1364 1223 ms.
1391 1192 1600 1224 Secoviense
1626 1193 1709 1223 anni

154 1236 249 1270 1320.
308 1239 390 1272 Cod.
423 1239 589 1270 Graecen,
624 1235 700 1269 469.
733 1238 772 1270 G.
807 1255 851 1258 —-
880 1238 977 1269 Miss.
1011 1249 1073 1269 ms.
1104 1237 1363 1270 Cremifanense
1396 1247 1485 1269 saec.
1520 1235 1573 1268 14.
1624 1237 1708 1270 Ood.

152 1283 381 1315 Cremifanen.
415 1281 491 1314 373.
524 1284 568 1314 Η.
594 1301 639 1304 -
662 1284 760 1314 Miss.
794 1294 854 1313 ms·
889 1283 923 1315 S.
949 1283 1104 1314 Floriani
1137 1292 1225 1314 saec.
1263 1280 1313 1313 14.
1363 1283 1446 1314 Cod.
1480 1282 1632 1314 Florian.
1657 1282 1709 1315 XI

152 1326 229 1360 388.
263 1330 288 1360 Ι.
314 1347 357 1351 —
382 1329 487 1362 Grad.
518 1340 580 1360 ms.
607 1332 640 1360 S.
667 1329 762 1360 Petri
789 1328 1026 1370 Salisburgen.
1053 1339 1143 1360 saec.
1171 1326 1223 1359 14.
1272 1327 1354 1359 Cod.
1380 1328 1510 1360 Petrin.
1537 1338 1557 1359 a
1581 1328 1630 1360 IV
1656 1326 1708 1362 14.

150 1376 192 1406 K.
218 1393 261 1395 —
284 1375 383 1406 Miss.
409 1386 471 1406 ins.
490 1375 730 1407 slierbacense
749 1375 831 1405 anni
854 1371 949 1406 1484.
990 1374 1073 1406 Cod.
1092 1373 1304 1405 Slierbacen.
1321 1374 1337 1404 I
1357 1371 1408 1404 14.
1427 1375 1467 1405 L.
1483 1391 1526 1394 —
1545 1373 1710 1415 Sequent.

150 1430 212 1451 ms.
246 1421 280 1452 S.
306 1420 400 1451 Petri
427 1420 663 1463 Salisburgen.
699 1430 787 1452 saec.
822 1417 871 1450 16.
896 1420 1053 1461 Append.
1079 1419 1123 1450 ad
1148 1419 1245 1450 Miss.
1271 1419 1417 1451 Roman.
1443 1420 1524 1460 imp.
1550 1420 1708 1451 Venetiis

238 1509 299 1549 23,
329 1510 343 1542 1
373 1511 473 1550 Quod
498 1511 539 1542 E.
567 1529 611 1533 ——
635 1509 697 1549 33,
726 1511 741 1543 1
775 1520 939 1542 arcanum
967 1511 1009 1540 H.
1035 1528 1078 1531 —
1102 1509 1163 1549 4b‚
1191 1508 1205 1540 1
1232 1509 1380 1551 populos
1407 1511 1444 1541 B.
1469 1527 1514 1530 —
1538 1507 1602 1550 4b⁷
1626 1507 1648 1541 2
1672 1511 1710 1542 in

148 1566 252 1588 carne
277 1560 443 1588 venturus
468 1557 508 1588 E.
536 1575 576 1578 —
604 1555 665 1594 53,
694 1555 708 1587 1
736 1558 764 1589 O
788 1557 900 1587 crucis
926 1556 1004 1587 EH.
1022 1573 1065 1576 —
1084 1553 1144 1593 521,
1171 1553 1191 1587 3
1216 1556 1253 1585 in
1276 1556 1375 1596 signo
1394 1556 1439 1594 Β,
1466 1554 1709 1597 crucifigendis

148 1602 173 1635 I.
204 1619 246 1624 —-
274 1600 333 1640 Ga,
359 1600 379 1633 3
404 1604 591 1643 genetricis
616 1603 720 1634 BDG.
749 1621 783 1625 -
807 1600 868 1640 63,
895 1600 915 1633 5
941 1612 977 1633 es
1002 1600 1088 1632 fehlt
1112 1602 1150 1632 B.
1170 1619 1212 1622 —
1231 1599 1292 1638 ssb,
1319 1599 1340 1631 3
1364 1600 1448 1632 tolle
1466 1600 1552 1632 fehlt
1568 1600 1648 1632 EH.
1665 1617 1709 1622 —

147 1647 364 1679 Wiederholt
389 1658 451 1679 aus
475 1649 575 1680 Anal.
600 1649 695 1685 VIII,
723 1644 776 1679 23.

683 1815 765 1850 279.
802 1814 882 1855 (16.)
916 1814 974 1849 De
999 1813 1175 1857 Angelis.

694 1922 728 1959 1.
773 1919 948 1957 Summae
978 1919 1161 1955 trinitatis

775 1981 851 2013 tres
884 1976 1018 2013 summi

776 2033 949 2070 adestote
978 2033 1116 2081 angeli,

151 2125 174 2161 2
192 2135 225 2161 a.
270 2124 326 2160 Tu
355 2129 538 2170 purgator
567 2124 752 2173 Raphae1,
969 2123 1042 2162 2b.
1086 2123 1164 2160 Nos
1196 2126 1400 2169 purgantes
1430 2121 1590 2167 macula,

265 2180 477 2217 illustrator
508 2181 677 2225 Gabriel,
1083 2180 1274 2226 replentes
1306 2178 1476 2225 scientia,

270 2242 548 2274 consummator
577 2237 755 2287 Michael,
1081 2240 1380 2273 consummantes
1411 2235 1545 2282 gratia.

153 2328 225 2366 33.
268 2327 364 2364 Nam
396 2332 436 2364 tu
466 2332 648 2375 purgator
966 2327 1039 2366 3b.
1085 2327 1160 2364 Sed
1191 2332 1243 2373 tu,
1276 2326 1339 2372 qui
1368 2326 1488 2363 visum

217 2431 220 2435 Δ
264 2384 467 2433 oculorum,
1078 2383 1228 2421 Danieli

267 2451 358 2486 quos
391 2441 556 2478 caecavit
588 2446 733 2478 stercus
1078 2440 1216 2486 pandis
1248 2443 1284 2475 et
1316 2444 1500 2475 secretum

264 2496 402 2542 avium,
1079 2496 1230 2544 virgini,

266 2557 302 2589 et
336 2553 573 2590 demonstras
1079 2557 1117 2589 te
1147 2552 1315 2589 ostendis

266 2615 507 2657 purgatorem
540 2610 720 2657 cordium,
1079 2608 1321 2646 scientiarum
1352 2607 1579 2654 ministrum,

267 2666 400 2712 quibus
433 2671 542 2702 nocet
1079 2675 1174 2712 quae
1207 2665 1253 2700 de
1284 2675 1430 2700 sursum

268 2721 429 2759 foeditas
1081 2721 1313 2759 descendunt

270 2779 547 2826 cogitationum.
1080 2790 1102 2815 a
1132 2783 1241 2824 patre
1272 2777 1466 2814 luminum.
