1785 3111
188 222 253 259 35.

212 2366 248 2401 6.

799 102 1103 143 —442—

286 218 341 257 Ob
373 229 539 255 amorem
571 222 607 254 et
637 217 817 254 honorem
1003 219 1069 257 36.
1101 217 1154 255 Te
1185 218 1382 256 laudamus
1415 223 1451 255 et
1481 229 1655 267 rogamus

341 275 477 313 Matris
509 279 595 310 tuae
626 273 763 320 tribue,
1158 275 1231 312 Per
1260 275 1378 322 ipsius
1410 275 1596 322 meritum,

285 331 335 369 Ut
368 341 450 368 cum
482 330 590 368 bonis
618 329 725 367 fruar
757 331 864 368 donis
923 358 927 361 -
1102 332 1155 370 Ut
1185 331 1330 369 aeterni
1361 331 1469 368 nobis
1501 333 1607 379 regni

342 387 486 433 Quietis
518 392 740 433 perpetuae.
1161 387 1335 425 Clemens
1366 388 1512 435 pandas
1541 388 1702 429 aditum.

545 501 612 538 37.
645 500 758 537 Pater
789 500 904 546 Deus,
935 499 990 537 fili
1021 500 1137 548 Deus,

705 557 805 593 Deus
837 557 934 594 alme
965 557 1117 602 caritas,

643 614 715 650 Per
744 618 897 650 aeterna
928 624 995 650 nos
1027 613 1196 660 guberna

700 669 845 710 Saecla.
878 670 980 707 Deus
1011 670 1174 708 trinitas.

765 841 799 878 R
811 840 833 876 h
851 852 874 888 y
888 840 937 877 th
950 851 985 876 m
998 851 1021 876 u
1034 851 1050 876 s
1093 841 1139 879 X.

245 981 253 989 .
283 951 313 989 Ο
346 952 486 999 regina,
519 964 628 1000 quam
662 954 789 990 divina
1032 955 1068 993 8.
1102 953 1131 991 O
1165 953 1336 1004 benigna,
1369 953 1451 1000 quis
1481 958 1519 991 te
1551 954 1663 1001 digna

344 1009 554 1057 praeelegit
585 1011 718 1059 gratia,
1158 1010 1289 1047 Laude
1318 1010 1437 1057 possit
1470 1010 1605 1054 colere,

286 1064 399 1102 Cuius
432 1072 562 1112 partus
593 1070 855 1104 sacrosanctus
1102 1067 1204 1112 Quae
1237 1067 1351 1104 (litari
1382 1067 1564 1114 singulari

344 1122 575 1159 Instauravit
607 1123 744 1162 omnia.
1158 1123 1334 1160 Meruisti
1365 1123 1549 1160 munere?

245 1264 253 1273 .
284 1234 387 1280 Quae
418 1236 570 1273 odorem
603 1237 806 1284 gratiorem
1032 1238 1068 1276 9.
1102 1236 1193 1274 Cum
1225 1247 1362 1274 aurora
1393 1236 1441 1273 sit
1473 1236 1622 1285 decora,

343 1293 444 1330 Ture
477 1293 543 1329 das
576 1298 612 1329 et
646 1293 824 1341 balsamo,
1158 1293 1316 1339 Quando
1348 1293 1486 1330 rubens
1517 1294 1649 1337 oritur,

285 1349 367 1394 Qua
398 1349 569 1386 excelsus
602 1354 657 1387 est
690 1361 862 1397 egressus
1103 1350 1329 1397 Comparata
1360 1350 1482 1386 minus
1513 1353 1634 1397 grata,

341 1405 392 1443 Ut
424 1417 583 1453 sponsus
616 1408 663 1444 de
695 1407 872 1447 thalamo.
1158 1407 1286 1444 Minus
1318 1406 1477 1453 pulchra
1508 1406 1693 1448 cernitur.

242 1549 250 1557 .
282 1518 409 1555 Mater
441 1519 551 1568 regis,
584 1530 653 1566 per
684 1531 793 1567 quem
822 1519 915 1567 legis
1004 1521 1069 1558 10.
1104 1521 1211 1558 Luna
1242 1520 1373 1567 claret,
1403 1519 1553 1566 quando
1583 1523 1693 1566 paret

343 1575 565 1613 Panduntur
595 1578 788 1627 mysteria,
1160 1576 1284 1613 Nullis
1315 1580 1416 1613 tecta
1446 1575 1620 1624 nubibus,

286 1632 400 1670 Cuius
430 1637 557 1669 natum
587 1634 674 1669 olim
709 1637 833 1672 vatum
1104 1632 1178 1670 Sed
1211 1633 1390 1670 maiorem
1422 1638 1462 1669 tu
1492 1631 1678 1680 fulgorem

311 1683 314 1687 ’
343 1688 536 1726 Canebant
568 1691 783 1736 praeconia,
1162 1690 1238 1727 Piis
1269 1688 1388 1727 infers
1420 1689 1620 1728 mentibus.

243 1828 251 1836 .
284 1799 384 1837 Fons
416 1802 610 1851 virtutum,
644 1803 703 1849 da,
736 1807 777 1839 ut
797 1803 916 1840 lutum
1004 1804 1069 1842 11.
1104 1803 1257 1843 Cunctis
1289 1803 1392 1839 horis
1424 1803 1487 1839 lux
1519 1800 1677 1849 fulgoris

341 1857 527 1894 Vitiorum
560 1859 746 1905 deseram,
1160 1860 1230 1897 Tui
1262 1871 1329 1896 nos
1360 1858 1554 1907 laetificat,

282 1913 424 1951 Mentis
456 1915 576 1951 visum
608 1920 720 1962 atque
750 1916 871 1952 nisum
1101 1917 1196 1954 Nam
1230 1917 1292 1954 vix
1324 1927 1397 1953 una
1427 1918 1537 1952 nocte
1568 1916 1657 1953 luna

344 1970 406 2007 Ad
439 1981 603 2017 superna
633 1971 873 2011 transferam.
1158 1973 1281 2020 Super
1311 1977 1452 2010 terram
1484 1971 1631 2010 emicat.

241 2111 248 2120 .
283 2082 344 2121 Sic
374 2081 575 2131 infundas,
607 2096 680 2131 qua
712 2086 913 2136 redundas
1004 2085 1068 2124 12.
1101 2086 1208 2123 Luna
1238 2086 1351 2133 plena
1382 2084 1424 2121 fit
1456 2095 1625 2132 amoena,

340 2139 457 2178 Cordi
488 2151 570 2177 meo
601 2143 774 2190 gratiam,
1160 2142 1235 2179 Sed
1268 2140 1456 2180 defectum
1488 2141 1644 2190 patitur,

284 2197 336 2234 Ut
368 2200 520 2234 terrena
551 2197 626 2234 fide
658 2199 771 2245 plena
1101 2199 1220 2236 Modo
1251 2202 1397 2245 patenS,
1430 2198 1542 2235 modo
1572 2198 1696 2235 latens

338 2253 538 2291 Praeditus
571 2256 790 2302 despiciam,
1158 2255 1358 2302 Nunquam
1390 2258 1493 2291 stare
1522 2254 1702 2294 noscitur.

281 2365 408 2401 Mater
438 2366 522 2413 Dei,
555 2368 681 2405 cordis
713 2369 784 2405 mei
1001 2370 1066 2408 13.
1100 2369 1158 2407 Tu
1189 2378 1358 2415 corusca,
1391 2378 1581 2414 nunquam
1611 2365 1733 2418 fusca,

343 2422 487 2459 Munda
518 2425 729 2469 penetralia
1156 2425 1287 2462 Nostri
1321 2424 1396 2462 dux
1426 2424 1588 2471 itineris,

280 2478 337 2514 Ac
368 2489 533 2515 meorum
566 2480 751 2518 labiorum
1098 2481 1183 2519 Non
1214 2481 1377 2528 obtecta,
1408 2480 1475 2517 sed
1507 2480 1627 2518 electa

342 2534 454 2571 Dilue
486 2537 670 2584 contagia,
1155 2538 1258 2575 Sicut
1291 2538 1347 2575 sol
1375 2536 1570 2583 aspiceris.

245 2677 253 2685 .
287 2646 337 2685 Ut
369 2648 536 2693 peccatis
568 2650 787 2697 expurgatis
1005 2651 1067 2690 14.
1099 2651 1171 2688 Est
1201 2660 1334 2687 revera
1364 2649 1452 2687 solis
1483 2649 1646 2695 sphaera

336 2703 456 2740 Deum
489 2704 731 2742 honorificem
1153 2707 1256 2744 Mira
1285 2707 1369 2743 luce
1400 2705 1586 2752 praedita,

283 2759 334 2797 Et
365 2771 385 2797 a
418 2760 531 2797 corde
563 2761 671 2807 pulsa
702 2763 815 2800 sorde
1099 2762 1220 2810 Saepe
1250 2767 1374 2800 tamen
1406 2761 1453 2798 ob
1485 2762 1654 2799 velamen

339 2816 490 2854 Laudes
522 2822 603 2854 tuas
635 2819 864 2864 praedicem.
1154 2819 1275 2857 Nobis
1306 2824 1363 2856 est
1394 2818 1628 2856 abscondita.
