1785 3111
95 197 134 235 5.
167 195 298 242 Serpit
325 205 396 244 per
426 205 535 232 omne
563 206 700 242 corpus

165 251 308 289 Letaea
338 252 409 300 vis,
438 262 509 289 nec
539 253 655 290 ullum

162 308 318 346 Miseris
351 309 494 345 doloris
525 311 627 356 aegri

166 365 317 403 Patitur
346 375 501 402 manere
530 376 692 403 sensum.

96 480 133 518 6.
167 477 246 515 Lex
279 478 372 515 haec
405 478 495 515 data
527 484 581 515 est
615 480 768 516 caducis

165 535 247 572 Deo
274 534 429 572 iubente
457 536 650 584 membris,

163 591 216 630 Ut
248 596 437 639 temperet
467 592 636 629 laborem

171 648 416 686 Medicabilis
447 649 636 695 voluptas.

831 82 883 121 45

916 199 950 235 7.
985 196 1059 234 Sed
1093 197 1179 234 dum
1212 200 1385 245 pererrat
1415 207 1545 234 omnes

985 254 1098 299 Quies
1129 253 1250 291 amica
1281 263 1395 290 venas

988 312 1195 357 Pectusque
1226 309 1404 347 feriatum

982 368 1113 405 Placat
1144 368 1288 414 rigente
1317 377 1459 413 somno,

913 480 948 517 S.
986 480 1100 516 Liber
1131 483 1242 525 vagat
1272 489 1342 525 per
1371 489 1482 516 auras

983 536 1134 582 Rapido
1165 535 1293 583 vigore
1324 546 1456 572 sensus

984 593 1194 639 Variusque
1223 603 1292 639 per
1322 592 1476 640 figam,

983 652 1085 695 Quae
1117 654 1203 685 sunt
1234 654 1378 695 operta,
1413 649 1545 687 cernit.

168 761 298 802 Hymn.
324 771 385 792 ms.
413 761 448 793 S.
473 760 640 792 Iohannis
666 761 871 793 Laudunen.
898 773 987 794 saec.
1020 760 1070 793 10.
1113 761 1196 793 Cod.
1222 763 1370 793 Bernen.
1395 759 1471 792 455.
1498 777 1539 783 —-‘
1566 759 1597 800 3,
1624 758 1645 792 2

76 807 195 839 Rediit
218 808 358 848 quietis.
384 824 429 828 ——
453 804 491 845 3,
525 804 546 837 3
572 807 734 839 Blandor.
760 825 805 827 —
832 806 872 846 4,
908 807 923 838 1
951 811 1098 839 aestuat.
1123 825 1168 828 —-
1192 805 1223 846 6,
1253 806 1274 839 4
1299 807 1469 848 voluptat.
1500 825 1543 828 —-
1568 804 1599 846 8,
1626 805 1642 838 1

73 862 192 895 vagas.

370 985 430 1021 47.
466 985 548 1029 (20.)
581 986 729 1022 Versus
757 986 867 1021 circa
892 986 1111 1030 Exsequias
1136 986 1344 1022 Defuncti.

653 1055 823 1097 (Cathem.
850 1058 891 1096 X,
921 1055 1053 1097 1—32).

405 1162 442 1199 1.
489 1160 605 1207 Deus,
636 1161 744 1207 ignee
776 1159 860 1197 fons
891 1162 1112 1211 animarum,

488 1217 574 1254 Duo
605 1217 668 1264 qui
699 1218 847 1255 socians
879 1219 1066 1255 elementa

492 1275 628 1312 Vivum
661 1275 772 1311 simul
802 1285 848 1311 ae
879 1275 1152 1312 moribundum

488 1331 702 1381 Hominem,
737 1336 860 1379 pater,
893 1331 1082 1381 effigiasti,

404 1458 443 1494 2.
489 1456 571 1492 Tua
602 1461 701 1502 511111,
735 1459 811 1502 tua,
845 1459 981 1504 rector,
1013 1461 1184 1506 utraque,

488 1512 575 1549 Tibi
604 1512 741 1558 copula
771 1513 939 1559 iungitur
970 1513 1116 1560 horum,

487 1569 586 1617 Tibi,
620 1569 707 1605 dum
739 1574 914 1616 vegetata
945 1570 1161 1618 cohaerent,

487 1623 654 1672 Spiritus
685 1626 796 1662 simul
829 1631 864 1662 et
897 1637 985 1663 earo
1016 1627 1146 1665 servit.

402 1754 439 1790 3.
487 1752 664 1789 Rescissa
692 1752 759 1788 sed
792 1752 865 1788 ista
896 1761 1065 1787 seorsum

486 1808 645 1845 Solvunt
675 1808 863 1845 hominem
896 1808 1172 1855 perimuntque,

486 1865 631 1902 Humus
663 1865 805 1911 excipit
837 1865 947 1901 arida
979 1876 1129 1912 corpus,

488 1922 646 1959 Animae
678 1923 779 1969 rapit
809 1933 902 1959 aura
932 1922 1131 1968 liquorem.

400 2050 438 2086 4.
484 2048 580 2092 Quia
611 2050 746 2084 cuncta
778 2051 905 2084 creata
936 2058 1091 2084 necesse
1123 2052 1179 2083 est

482 2101 693 2141 Labefacta
723 2114 920 2140 senescere
950 2105 1104 2141 tandem

485 2160 765 2207 Compactaque
797 2161 995 2197 dissociari

484 2217 535 2254 Et
570 2217 722 2255 dissona
753 2222 857 2255 texta
888 2218 1022 2257 retexi.

398 2344 435 2380 5.
481 2342 591 2379 Hane
622 2348 674 2387 111,
708 2342 810 2379 Deus
836 2343 989 2389 optime,
1023 2348 1181 2379 mortem

483 2399 651 2436 Famulis
682 2399 834 2436 abolere
866 2405 1035 2445 paratus,

480 2457 558 2492 1101
586 2456 807 2493 inviolabile
839 2462 1039 2493 monstras.

482 2514 562 2558 Quo
594 2513 747 2559 perdita
776 2512 945 2549 membra
977 2517 1188 2559 resurgant,

397 2641 433 2678 6.
482 2639 547 2684 Ut,
582 2640 668 2676 dum
701 2649 883 2686 generosa
915 2640 1068 2676 caducis

483 2696 559 2733 Ceu
592 2706 744 2733 carcere
777 2696 904 2733 clausa
935 2696 1113 2742 ligantur,

453 2754 576 2790 <Pars
606 2753 673 2790 illa
705 2752 897 2799 potentior
928 2758 1062 2797 exstet,

481 2810 582 2854 Quae.
614 2820 764 2855 germen
797 2809 844 2846 ab
875 2810 1028 2846 aethere
1060 2809 1188 2846 traxit.
