1785 3111
785 38 1094 78 -176—

386 153 516 190 Donec
548 156 677 189 nostra
706 151 800 189 fides
832 151 1006 188 meritum
1038 156 1254 189 succrescat
1283 152 1320 189 in
1353 153 1504 200 almum,

385 205 619 259 Plura[que]‚
653 219 749 255 quae
780 207 953 254 facimus,
986 208 1093 245 nobis
1127 209 1266 246 delicta
1297 210 1461 257 remitte,

383 266 435 304 Ut
465 266 614 303 veniam
648 266 780 302 dantes
812 265 981 302 laxemus
1014 265 1142 302 debita
1174 263 1346 305 fratrum.

300 324 348 360 10
384 322 569 359 Naturam
600 325 769 359 nostram
800 322 911 367 mala*
932 332 1006 358 non
1036 322 1236 368 temptatio
1267 321 1430 369 frangat,

383 379 462 415 Nos
494 389 609 425 super
640 383 677 415 et
707 379 861 425 laqueos
893 389 940 415 ne
970 378 1128 415 inducas
1161 379 1279 416 hostis
1310 379 1445 426 iniqui.

382 435 485 482 Ergo
515 436 607 472 mali
637 436 782 482 magnis
813 440 854 471 tu
884 446 952 472 nos
985 433 1147 472 defende
1178 436 1344 483 periclis,

383 492 437 530 Ut
464 502 677 529 mereamur
707 493 804 529 inire
835 492 889 528 tui
921 492 999 529 alta
1028 492 1078 529 ad
1109 493 1280 538 praemia
1310 492 1431 542 regni.

432 545 513 579 Ista
539 545 688 588 quidem,
719 546 832 585 lector,
860 545 921 587 qui
946 545 1022 586 sim,
1049 555 1217 589 cognosce
1242 545 1396 589 loquela.

252 649 335 681 Cod.
363 649 564 692 Sangallen.
590 647 656 681 869
682 659 771 681 saec.
798 646 828 680 9.
851 659 903 680 ex.

546 830 627 865 127.
664 831 723 871 (7.)
758 830 816 864 De
848 829 970 865 beata
995 829 1127 864 Maria
1152 828 1332 872 Virgine.

383 935 439 973 Sit
470 936 654 972 Dominus
684 938 820 981 tecum,
853 946 1003 982 semper
1033 939 1097 972 tua
1128 934 1250 981 gratia
1281 944 1437 984 mecum,

438 992 550 1030 Pacis
583 996 619 1029 et
649 992 831 1030 indicium
862 993 1015 1039 porrige
1047 992 1170 1038 daque
1201 1002 1362 1028 manum.

382 1050 444 1086 Ad
476 1053 513 1085 te
540 1049 759 1095 clamantes,
791 1049 959 1087 lacrimis
991 1053 1028 1086 et
1059 1059 1150 1086 voce
1181 1053 1380 1094 precantes

442 1107 597 1144 Auxilio
629 1110 729 1143 tutos
761 1107 927 1152 undique
959 1107 1078 1143 redde
1109 1110 1204 1144 tuos

381 1163 566 1200 Exhilara
594 1163 736 1207 tristes,
769 1164 904 1209 solare,
938 1163 1120 1210 piissima,
1154 1161 1286 1198 flentes

436 1220 652 1267 Nostraque
683 1220 836 1257 turbata
867 1219 1004 1266 tergito
1036 1229 1149 1266 prece
1180 1222 1256 1257 tua.

248 1342 331 1374 cod.
359 1343 560 1384 Sangallen.
586 1341 664 1375 869.
691 1353 781 1375 saec.
807 1341 837 1374 9.
864 1354 915 1375 ex.

647 1522 728 1558 128.
765 1522 823 1565 (8.)
860 1521 1008 1566 Incipit
1034 1522 1232 1557 Psalmus.

365 1628 481 1673 Quam
515 1627 664 1671 bonum,
700 1639 799 1677 ecce,
832 1628 955 1675 simul,
988 1626 1140 1675 fratres,
1173 1627 1413 1664 concorditer
1444 1638 1572 1665 omnes

308 1697 311 1701 ·
368 1685 437 1721 Est
471 1684 645 1721 habitare
676 1685 772 1733 pios,
806 1686 941 1731 capitis
969 1696 1035 1721 ceu
1067 1684 1207 1721 vertice
1238 1684 1426 1730 quondam

367 1742 547 1787 Limpida
580 1740 734 1778 fomenti
766 1740 929 1779 fundunt
962 1741 1148 1778 velamina
1179 1741 1293 1787 pepli,

368 1799 527 1844 Udaque
560 1797 704 1835 roriflui
737 1798 854 1835 veluti
886 1798 1081 1835 cacumina
1113 1798 1219 1834 collis

305 1858 326 1893 5
367 1855 533 1891 Hermon
566 1860 602 1891 et
633 1855 722 1892 Sion
755 1855 978 1891 humescunt-
1010 1855 1139 1891 rorida
1168 1855 1280 1891 rura!

363 1912 448 1949 Illic
481 1916 666 1958 perpetuo
697 1912 896 1958 pollebunt
925 1922 1079 1948 munere
1110 1912 1244 1957 patris,

365 1968 524 2014 Vitaque
552 1968 625 2005 fine
657 1972 765 2005 tenus
799 1969 909 2005 durat
940 1979 1009 2015 per
1040 1969 1190 2005 saecula
1221 1977 1363 2013 sospes.

250 2091 333 2122 Cod.
353 2091 553 2133 Sangallen.
582 2089 658 2123 869.
685 2102 774 2123 saec.
801 2090 831 2123 9.
859 2103 910 2123 ex.
938 2109 980 2112 —
1006 2089 1027 2122 3
1054 2091 1264 2133 perfundunt
1291 2091 1419 2132 korrig.
1447 2090 1483 2120 in
1501 2089 1659 2122 fundunt.
1680 2106 1722 2111 —

157 2134 177 2167 5
202 2137 363 2168 Aermon.
391 2154 435 2158 —
459 2135 479 2168 6
505 2137 686 2178 pollebant
711 2137 843 2179 korrig.
871 2139 907 2168 in
933 2137 1125 2179 pollebunt.

442 2316 521 2352 129.
558 2317 615 2357 (9.)
651 2317 695 2350 In
722 2316 902 2351 Adventu
929 2315 1137 2350 Hlotharii
1163 2315 1440 2359 Imperatoris.

605 2423 651 2461 R.
683 2423 897 2468 Imperator
926 2432 1072 2469 magne⁷
1106 2422 1210 2459 vivas

745 2489 895 2525 semper
927 2482 964 2515 et
995 2476 1168 2515 feliciter.

174 2592 210 2630 1.
243 2592 450 2628 Innovatur
480 2594 610 2627 nostra
641 2591 760 2627 laetos
994 2593 1029 2629 2.
1064 2590 1239 2628 Gaudeat
1271 2594 1389 2627 totum
1418 2594 1567 2628 tuorum

299 2651 401 2684 terra
432 2645 544 2683 fiores
575 2646 786 2694 proferens,
1117 2657 1249 2694 agmen
1282 2647 1342 2683 hic
1372 2646 1551 2697 fidelium,

243 2705 320 2742 Ver
350 2715 487 2741 novum
518 2708 737 2750 praesentat,
767 2709 884 2749 aetaS,
1062 2704 1190 2742 Omnis
1222 2707 1337 2752 aetas,
1371 2703 1491 2740 omnis
1521 2702 1628 2750 ordo,

299 2761 384 2798 dum
424 2761 536 2797 datur
566 2764 603 2797 te
635 2771 800 2797 cernere.
1119 2760 1233 2797 corde
1265 2760 1394 2797 dicens
1425 2760 1577 2797 intimo:
