1785 3111
83 186 149 225 11.

84 730 148 768 12.

83 1275 150 1314 13.

84 1806 149 1844 14.

87 2395 150 2434 15.

704 71 1012 112 —653—

195 186 259 224 Te
289 185 460 234 obsecro,
491 189 529 222 te
561 196 688 235 exoro,

251 242 314 280 Ad
347 248 385 279 te
415 242 539 279 tendit
571 243 691 279 cultus
713 251 833 290 meus,

195 299 304 337 Mala
333 299 540 336 iuventutis
570 299 693 348 ploro,

253 355 463 403 Ingemisco
494 359 684 402 tamquam
717 366 816 402 reus,

253 412 393 451 Vultus
424 416 509 448 tuus
542 411 732 458 virgineus

197 470 240 506 In
273 469 422 506 excelso
454 466 583 505 fruens
614 468 724 505 thoro

251 525 448 571 Respiciat
478 535 550 572 me,
585 528 629 561 ut
658 524 762 562 Deus

196 582 239 618 In
270 586 346 619 tam
375 582 454 619 alto
484 582 582 618 locet
611 581 739 620 choro.

197 729 474 767 Clamaruus
504 729 579 766 vim
610 729 811 778 patientes,

252 786 355 823 Audi
385 796 496 824 voces
527 785 734 833 lugentium

196 841 428 889 Suscipeque
459 841 646 889 fugientes

253 899 393 938 Subtus
424 903 528 936 tuum
560 898 816 947 praesidium3

253 957 395 993 Terror
419 956 546 1003 pulsat
566 967 634 993 nos
655 955 833 1006 hostium,

196 1013 337 1051 Furiae
367 1015 499 1049 assunt
528 1011 708 1061 furentes,

253 1069 436 1106 Premunt
466 1069 568 1106 bella
598 1068 806 1116 hostilium,

196 1125 349 1164 Adiuva
380 1125 614 1165 deficientes,

194 1273 416 1311 Exsules
447 1284 469 1310 a
499 1273 620 1319 patris
653 1273 763 1310 domo

253 1330 375 1377 Culpa
405 1340 531 1366 sumus
564 1330 737 1376 exigente

196 1386 261 1424 ΕΣ
287 1386 408 1423 veteri
438 1386 526 1433 ligni
559 1397 671 1433 pomo

252 1443 414 1481 Diabolo
444 1447 681 1491 suggerente,

251 1500 333 1537 Nec
363 1499 437 1536 nisi
467 1503 504 1536 te
536 1503 780 1537 succurrente

197 1556 472 1595 Iustificabitur
503 1556 614 1594 homo

254 1613 376 1651 Natus
394 1624 439 1650 ex
457 1624 531 1650 non
552 1617 683 1650 sancta
699 1618 810 1660 gente
826 1624 836 1663 3

195 1670 299 1708 Audi
335 1674 434 1718 vota,
466 1680 562 1716 quae
594 1670 787 1716 depromo.

194 1805 325 1844 Filii
356 1806 651 1853 protoparentis,

254 1863 380 1900 Patris
411 1873 538 1899 sumus
571 1873 784 1910 egenorum,

197 1919 372 1957 Frondes
402 1919 551 1957 arboris
581 1921 740 1969 arentis,

254 1977 338 2024 Igni
368 1977 449 2023 apti
479 1980 722 2026 tartarorum,

253 2033 305 2070 Ni
335 2038 388 2079 tu,
420 2036 542 2070 mater
571 2033 794 2071 miserorum

197 2090 320 2127 Huius
351 2090 492 2127 saeculi
523 2090 699 2139 labentis,

254 2146 842 2193 Nospraesentesantethronum

198 2203 269 2241 Tui
300 2203 381 2240 nati
410 2203 634 2242 innocentis

196 2395 328 2433 Evae
358 2395 503 2442 primae
534 2395 714 2442 superbia

257 2452 336 2489 Nos
369 2451 508 2489 deiecit
539 2462 621 2488 cum
653 2451 801 2488 miseris

198 2509 260 2547 Ex
291 2509 480 2556 serpentis
511 2508 667 2557 invidia,

257 2565 329 2612 Qui
359 2563 433 2603 fuit
463 2570 594 2602 auctor
625 2564 803 2611 sceIeris3

256 2621 380 2669 Unde,
413 2622 485 2659 nisi
514 2633 581 2659 nos
612 2621 752 2658 iuveris

204 2675 252 2717 In
283 2678 354 2715 hac
390 2678 525 2725 grandi
557 2679 720 2723 miseria,

254 2734 513 2772 Detrudemur
542 2735 580 2771 in
612 2733 744 2772 inferis

200 2789 293 2829 Cum
322 2790 503 2829 infernali
536 2790 647 2830 furia.

907 186 971 226 16.

907 730 970 768 17.

909 1274 974 1312 18.

912 1808 977 1846 19.

908 2396 974 2434 20.

1017 186 1091 223 Ad
1121 184 1230 223 fletus
1264 190 1300 222 et
1331 184 1495 232 suspiria

1075 243 1235 280 Intende
1265 246 1415 279 nostros
1447 242 1655 279 clementer

1017 299 1233 346 Nostraque
1263 298 1454 337 desideria

1074 357 1118 394 In
1151 360 1188 392 te
1218 356 1372 393 attende
1402 354 1606 403 ferventer,

1075 412 1127 451 Ut
1158 413 1349 449 valeamus
1384 412 1563 450 decenter

1018 469 1104 505 Tibi
1135 469 1291 516 obsequi
1321 470 1359 505 in
1390 469 1465 516 via⁷

1075 525 1243 563 Tandem
1273 526 1423 573 assequi
1444 525 1655 572 gaudenter

1021 580 1133 620 Vitae
1164 582 1262 620 bona
1293 583 1487 630 perennia.

1018 729 1081 766 Te
1113 729 1321 777 requirunt,
1354 729 1469 766 maris
1501 729 1622 773 stella,

1074 784 1121 825 In
1162 786 1283 823 noctis
1326 786 1434 823 huius
1472 785 1652 829 tenebris,

1018 842 1089 888 Qui
1120 842 1286 879 titubant
1316 843 1355 879 in
1386 841 1541 890 fiscella,

1073 898 1259 945 Absorpti
1300 899 1434 945 culpae
1472 898 1652 946 latebris;

1076 956 1157 993 Hos
1187 955 1306 1002 ignita
1335 956 1412 992 urit
1443 954 1573 1001 febris,

1020 1012 1212 1059 Fragrans
1244 1016 1516 1059 unguentorum
1545 1013 1655 1061 cella,

1077 1068 1338 1115 Caligantibus
1368 1069 1565 1115 palpebris

1020 1126 1064 1162 In
1095 1126 1288 1172 voraginis
1319 1126 1500 1172 procella.

1021 1272 1347 1320 Suspiramus
1388 1273 1427 1309 in
1457 1273 1657 1310 tormentis

1078 1329 1237 1367 Gravati
1267 1329 1535 1367 maestitudine

1021 1387 1240 1432 Allectique
1272 1386 1541 1423 blandimentis

1078 1443 1228 1483 Mundi,
1262 1443 1386 1480 carnis
1419 1443 1621 1480 dulcedine

1079 1499 1160 1536 Nec
1191 1500 1356 1536 valemus
1389 1501 1584 1536 conamine

1022 1556 1153 1594 Totius
1185 1556 1370 1593 humanae
1401 1557 1536 1593 mentis

1079 1613 1263 1660 Aspicere
1294 1615 1331 1650 in
1363 1614 1503 1650 lumine

1022 1670 1119 1707 Boni
1149 1669 1417 1708 indeficientis.

1026 1806 1296 1845 Gementes
1327 1807 1414 1844 ideo
1446 1817 1572 1843 sumus

1081 1863 1199 1901 Gravi
1230 1863 1361 1900 effecto
1393 1873 1562 1912 corpore,

1020 1920 1120 1958 Dum
1150 1932 1237 1967 nos,
1279 1921 1422 1957 cunctis
1454 1920 1516 1966 qui
1548 1930 1658 1967 prae—

1387 1987 1525 2023 sumus,

1077 2034 1305 2071 Desidentes
1337 2044 1428 2080 prae
1458 2038 1613 2079 torpore

1077 2091 1215 2127 Mortis
1248 2090 1420 2136 depressi
1452 2099 1587 2135 sopore

1026 2147 1232 2184 Deficimus
1263 2147 1318 2183 uti
1349 2145 1473 2182 fumus

1078 2204 1121 2240 In
1149 2203 1219 2240 hoc
1251 2202 1396 2250 gratiae
1427 2207 1623 2249 tempore3

1020 2260 1152 2306 Erige,
1184 2270 1276 2305 quos
1307 2259 1445 2306 premit
1475 2259 1622 2297 humus.

1020 2395 1081 2432 Et
1111 2399 1152 2431 tu
1185 2395 1287 2432 dulci
1317 2398 1381 2432 tuo
1413 2405 1498 2432 rore

1078 2453 1279 2490 Formatas
1312 2452 1359 2488 de
1389 2456 1515 2489 terrae
1545 2452 1639 2489 limo

1023 2509 1165 2547 Carnes
1195 2507 1338 2557 confige
1369 2509 1504 2545 timore

1079 2565 1305 2612 Degentium
1337 2565 1398 2601 hic
1429 2565 1467 2602 in
1498 2566 1585 2610 imo,

1081 2622 1139 2659 Ne
1169 2621 1369 2659 trudamur
1397 2622 1435 2658 in
1467 2621 1606 2669 infimo,

1026 2678 1102 2716 Sed
1132 2678 1251 2715 filium
1285 2689 1368 2715 cum
1399 2682 1563 2715 tremore

1080 2736 1316 2773 Venerantes
1346 2740 1450 2771 tuum
1482 2734 1607 2781 primo

1023 2791 1116 2829 Eius
1150 2790 1322 2829 fruamur
1351 2801 1491 2829 amore.
