1785 3111
762 65 1073 105 —492—

253 184 289 220 6.
339 182 382 218 In
430 184 494 216 tuo
541 179 721 226 sanguine
767 179 964 226 copulatae
997 179 1110 216 simus
1151 179 1220 216 tibi
1262 190 1345 215 cum
1391 179 1694 227 desponsatione,

135 238 384 284 repudiantes
427 237 549 273 virum
591 239 628 272 et
667 236 848 283 eligentes
879 240 916 272 te
948 235 1064 273 filium
1096 236 1169 273 Dei
1200 235 1454 284 pulcherrima
1487 234 1629 281 forma,
1673 247 1694 273 o

136 294 384 331 suavissimus
416 293 512 330 odor
544 292 853 330 desiderabilium
887 292 1131 342 deliciarum,
1165 303 1314 339 semper
1345 293 1577 339 suspiramus
1608 296 1696 339 post

133 356 170 387 te
212 351 250 387 in
282 349 509 387 lacrimabili
541 349 697 396 exsilio3
743 349 893 396 quando
933 354 970 385 te
1002 350 1194 386 videamus
1227 354 1262 386 et
1294 352 1416 385 tecum
1448 347 1695 388 maneamus?

252 408 287 445 7.
336 407 414 443 Nos
444 417 570 443 sumus
601 407 639 442 in
671 406 821 452 mundo,
856 410 892 442 et
922 410 962 442 tu
992 406 1030 442 in
1052 411 1176 442 mente
1198 410 1338 451 nostra,
1373 411 1408 442 et-
1431 405 1695 453 amplectimur

131 467 167 500 te
198 463 236 500 in
269 464 394 506 corde,
421 463 527 509 quasi
559 462 764 499 habeamus
796 466 833 499 te
865 467 1116 509 praesentem.

248 521 284 558 8.
332 520 411 566 Tu,
455 517 683 556 fortissimus
724 520 804 567 leo,
852 519 989 565 rupisti
1031 520 1175 556 caelum
1217 519 1451 556 descendens
1491 519 1529 556 in
1569 519 1694 556 aulam

131 576 290 623 virginis
322 581 359 613 et
391 576 612 613 destruxisti
644 580 802 612 mortem
834 576 1042 613 aedificans
1074 577 1188 613 vitam
1220 576 1258 613 in
1290 586 1404 613 aurea
1438 576 1603 613 civitate.

247 635 283 671 9.
331 634 393 670 Da
414 632 520 669 nohis
544 633 763 670 societatem
786 643 869 670 cum
892 633 960 670 illa
985 637 1021 669 et
1043 643 1266 680 permanere
1287 633 1325 670 in
1347 638 1397 679 te,
1429 643 1450 669 0
1474 632 1692 669 dulcissime

130 699 289 738 sponse,
333 690 395 736 qui
436 689 657 726 abstraxisti
696 700 762 726 nos
808 690 854 726 de
896 688 1067 728 faucibus
1101 689 1264 737 diaboli,
1306 690 1466 736 primum
1499 693 1694 735 parentem

128 750 299 783 nostrum
331 746 559 784 seducentis.

545 923 626 958 3323
663 923 742 965 (14.)
782 922 1025 967 Symphonia
1051 924 1274 959 viduarum.

247 1031 281 1068 1.
329 1029 358 1067 O
381 1033 491 1076 pater
511 1029 675 1066 omnium
699 1034 735 1065 et
756 1040 776 1064 o
800 1040 865 1065 rex
888 1034 923 1065 et
945 1030 1153 1075 imperator
1173 1030 1354 1077 gentium,
1378 1030 1441 1076 qui
1465 1029 1694 1066 constituisti

127 1096 198 1123 nos
240 1087 278 1123 in
319 1090 421 1123 costa
463 1086 608 1132 primae
646 1086 800 1131 matris,
843 1096 938 1132 quae
974 1087 1182 1123 construxit
1220 1086 1327 1123 nohis
1358 1097 1531 1133 magnum
1565 1097 1690 1122 casum

130 1153 357 1187 aerumnae‚·
400 1147 437 1179 et
478 1153 545 1179 nos
583 1148 734 1179 secutae
766 1153 892 1179 sumus
923 1143 1027 1180 illam
1058 1143 1095 1178 in
1127 1143 1283 1190 propria
1315 1154 1449 1191 causa,
1492 1144 1530 1180 in
1560 1143 1693 1180 exsilio

129 1200 320 1236 sociantes
352 1211 419 1236 nos
447 1199 550 1236 illius
585 1199 718 1238 dolori.

244 1258 282 1296 2„
331 1256 359 1293 Ο
392 1260 429 1292 tu
462 1256 695 1292 nobilissime
726 1256 885 1302 genitor.
918 1267 987 1304 per
1017 1267 1200 1292 summum
1231 1256 1397 1292 studium
1429 1255 1614 1292 currimus
1641 1255 1691 1292 ad

130 1316 167 1348 te
201 1317 235 1349 et
268 1323 337 1359 per
370 1313 654 1350 dilectissimam
687 1316 801 1359 atque
834 1313 1091 1349 dulcissimam
1122 1313 1416 1361 paenitentiam7
1459 1322 1553 1358 quae
1583 1311 1692 1349 nobis

128 1380 198 1416 per
231 1374 267 1406 te
301 1370 415 1416 venit,
457 1370 676 1406 anhelamus
708 1370 756 1406 ad
789 1374 826 1406 te
859 1374 896 1406 et
927 1375 1011 1416 post
1046 1370 1214 1407 dolorem
1246 1373 1415 1406 nostrum
1450 1369 1692 1406 devotissime

127 1426 396 1473 amplectimur
428 1431 476 1464 te.

242 1485 278 1522 3.
326 1484 355 1520 Ο
396 1482 667 1530 gloriosissime
705 1486 741 1518 et
784 1483 1039 1530 pulcherrime
1071 1482 1242 1528 Christe,
1287 1482 1350 1530 qui
1392 1493 1430 1519 es
1463 1482 1691 1519 resurrectio

126 1540 250 1589 vitae,
293 1550 360 1576 nos
404 1540 624 1586 reliquimus
666 1543 824 1586 propter
865 1544 901 1575 te
944 1538 1107 1577 fertilem
1151 1549 1315 1576 amorem
1349 1539 1624 1576 coniunctionis
1655 1542 1692 1575 et

127 1596 483 1643 comprehendimus
516 1600 552 1632 te
584 1596 620 1632 in
654 1606 819 1642 superna
853 1596 1011 1633 caritate
1043 1600 1079 1632 et
1101 1596 1138 1632 in
1162 1596 1331 1642 virginea
1352 1596 1458 1643 virga
1479 1595 1690 1633 nativitatis

123 1656 211 1689 tuae
254 1656 290 1689 et
333 1653 369 1689 in
413 1653 534 1690 altera
575 1653 657 1690 vice
699 1653 899 1699 copulatae
940 1664 1066 1690 sumus
1098 1652 1190 1700 tibi,
1231 1664 1340 1699 quam
1373 1653 1478 1699 prius
1510 1662 1688 1698 essemus,

124 1710 330 1746 secundum
363 1720 526 1748 carnem.

238 1768 275 1804 4.
322 1766 473 1804 Adiuva
515 1777 582 1803 nos
614 1776 861 1812 perseverare
893 1771 930 1804 et
960 1770 1082 1803 tecum
1115 1766 1281 1813 gaudere
1313 1772 1347 1802 et
1380 1777 1401 1803 a
1432 1769 1468 1802 te
1499 1776 1688 1812 nunquam

123 1823 310 1869 separari.
