1785 3111
171 1847 236 1886 11.

174 2382 236 2419 13.

178 2647 241 2686 14.

266 225 389 262 Multa
421 223 467 260 de
504 226 541 258 te
573 226 659 258 sunt
689 221 899 270 prophetae

322 279 456 317 Locuti
487 278 697 325 praesagia,

267 336 351 374 Non
383 335 505 382 ignari
536 334 743 381 singulari,

322 393 376 429 Te
409 391 602 429 ditandam
633 391 767 438 gratia.

267 494 364 531 Nam
395 493 459 540 qui
490 493 596 529 nasci
628 496 740 539 atque
772 492 877 539 pasci

323 551 404 587 Tua
435 559 547 587 carne
578 549 708 586 voluit.

265 607 346 644 Nec
377 606 578 652 scripturis
614 616 682 642 nte
715 605 844 653 figuris

321 664 420 700 Tuas
452 662 585 700 laudes
626 662 757 701 tacuit.

226 795 234 804 .
267 765 395 802 Prima
427 774 565 811 parens
597 773 708 800 sensu
741 773 873 800 carens

324 821 465 858 Meruit
496 820 702 865 interitum,

265 878 363 915 Dum
397 877 565 926 serpenti
595 887 635 913 se
666 876 815 914 fallenti

324 934 454 972 Credit
485 938 638 981 gustans
670 934 839 973 vetitum.

228 1065 235 1073 .
270 1035 394 1073 Causa
425 1035 537 1081 plane
567 1038 608 1071 tu
639 1034 825 1071 humanae

325 1090 465 1128 Salutis
496 1091 714 1137 praecipua,

270 1148 352 1186 Tua
382 1158 494 1184 causa
525 1147 714 1194 quondam
748 1147 876 1184 clausa.

327 1205 436 1242 Patet
467 1204 563 1241 caeli
593 1204 717 1241 ianua.

268 1305 365 1343 Nam
398 1305 613 1352 spernendo
646 1310 681 1341 et
714 1305 882 1343 cavendo

325 1362 591 1399 Blandimen‘ta
622 1362 776 1410 saeculi,

267 1420 374 1466 Quod
397 1424 451 1455 est
473 1418 620 1467 mirum,
646 1423 757 1465 caput
778 1418 900 1456 dirum

327 1475 548 1514 Contrivisti
580 1475 718 1514 zabuli.

211 1607 238 1615 ⁷.
272 1576 434 1623 Serpens
469 1576 572 1613 dirus
603 1587 709 1613 suum
742 1577 844 1614 virus

324 1633 429 1670 Evae
463 1634 588 1670 dando
619 1633 757 1680 nocuit,

272 1688 346 1728 Sed
368 1691 593 1736 prudentem
618 1698 718 1726 tuam
738 1694 900 1727 mentem

326 1747 478 1784 Fallere
510 1758 583 1783 non
616 1747 750 1792 potuit.

271 1847 327 1884 Tu
359 1848 562 1893 primatum
595 1852 629 1884 et
663 1848 838 1884 ducatum

329 1903 474 1941 Gerens
507 1904 777 1940 continentium

271 1960 373 1997 Casti
405 1960 528 2007 gregis
561 1960 714 1997 chorum
745 1960 844 2007 regis

328 2017 401 2055 Per
433 2017 564 2054 callem
598 2017 800 2064 egregium.

230 2150 236 2157 .
271 2119 406 2156 Mundi
437 2117 566 2155 florem
601 2124 731 2156 contra
759 2129 900 2155 morem

326 2175 396 2212 Tui
427 2185 609 2221 spernens
641 2176 788 2222 generis

272 2232 406 2270 Carnis
439 2243 566 2268 curam
599 2237 634 2268 et
666 2237 839 2270 naturam

332 2287 589 2325 Cohibendam
622 2289 806 2335 suggeris,

270 2381 378 2418 Viam
411 2388 551 2420 rectam
584 2389 619 2420 et
650 2383 860 2431 perfectam

328 2438 503 2476 Pandens
534 2445 572 2477 te
603 2441 859 2487 sequentibus,

269 2494 320 2532 Ut
353 2495 533 2533 modestis
565 2500 601 2533 et
629 2497 795 2534 honestis

328 2550 376 2588 Se
406 2557 610 2598 perornent
640 2553 817 2590 moribus.

275 2646 372 2684 Nam
403 2648 592 2685 mundana
624 2659 779 2695 prorsus
806 2660 903 2687 vana

329 2703 502 2741 Docuisti
533 2705 681 2753 gaudia,

270 2759 448 2807 Fugitiva
479 2765 515 2797 et
546 2761 689 2811 nociva,

328 2817 454 2865 Falsa,
490 2817 720 2864 deceptoria.

894 107 974 148 438

985 222 1050 260 15.

988 494 1054 532 16.

988 1035 1052 1073 18.

988 1307 1052 1344 19.

988 1848 1052 1887 21.

987 2120 1053 2157 22.

984 2386 1049 2423 23.

991 2652 1054 2687 24.

1082 222 1210 259 Mater
1239 221 1321 258 Eva
1352 225 1473 258 morte
1503 231 1617 259 saeva.

1142 278 1289 315 Prolem
1321 288 1426 315 suam
1456 277 1647 324 perdidit3

1082 335 1163 372 Tua
1193 333 1301 381 fides„
1333 345 1406 380 qua
1436 334 1600 378 renides,

1139 390 1258 428 Nobis
1290 391 1410 427 vitam
1442 390 1624 427 reddidit.

1086 491 1144 528 Tu
1174 492 1393 539 praeclarus
1426 503 1463 529 es
1495 492 1696 529 thesaurus

1143 549 1315 586 Omnium
1348 549 1628 592 charismatum,

1087 606 1184 644 Saue
1214 606 1347 652 plenus
1381 610 1417 642 et
1448 616 1625 642 amoenus

1143 662 1287 699 Hortus
1319 673 1358 698 es
1389 665 1611 700 aromatum.

1042 793 1050 802 .
1084 763 1185 800 Fons
1196 763 1428 811 redundans,
1437 774 1522 800 reos
1530 763 1719 800 mundans

1140 821 1334 867 Aquarum
1368 819 1586 863 viventium,

1084 877 1185 913 Hinc
1202 877 1264 923 qui
1282 876 1427 925 bibunt7
1450 887 1524 913 non
1540 876 1719 923 peribunt

1141 933 1216 971 Sed
1249 933 1388 970 habent
1418 933 1640 971 remedium.

1084 1034 1186 1071 Fons
1215 1035 1404 1082 signatus,
1436 1045 1511 1071 non
1542 1033 1719 1071 turbatus

1140 1091 1354 1128 Bestiarum
1386 1091 1558 1137 pedibus,

1086 1147 1170 1184 Non
1204 1146 1391 1195 confusus,
1427 1148 1495 1185 red
1519 1147 1720 1184 conclusus

1142 1204 1291 1241 Divinis
1325 1204 1541 1242 virtutibus,

1084 1305 1293 1352 Exquisitis
1325 1304 1541 1352 margaritis

1141 1362 1334 1400 Ornantur
1363 1361 1529 1407 monilia,

1086 1418 1161 1455 Sed
1192 1424 1339 1456 tuorum
1371 1419 1484 1465 plane
1514 1428 1658 1455 morum

1144 1475 1281 1512 Exstat
1314 1475 1434 1512 maior
1465 1474 1598 1521 gratia.

1087 1577 1216 1615 Solent
1246 1577 1340 1613 mire
1373 1576 1532 1614 delinire

1142 1633 1351 1671 Vernantes
1383 1633 1555 1681 areolae3

1085 1692 1200 1737 Quam
1223 1690 1308 1736 plus
1329 1695 1438 1736 grata
1455 1694 1613 1726 vernant
1630 1693 1714 1727 sata

1142 1746 1325 1784 Caelestis
1356 1746 1566 1792 agricolae!

1087 1847 1220 1885 Flores
1253 1847 1359 1884 verni
1389 1847 1511 1884 solent
1542 1847 1647 1883 cerni

1143 1904 1347 1952 Voluptate
1378 1904 1516 1950 nimia3

1086 1960 1143 1997 Tu
1176 1961 1342 1997 delectas
1373 1964 1516 1997 mentes
1546 1964 1669 1997 rectas

1145 2017 1395 2055 Praecellenti
1427 2017 1562 2064 gratia.

1086 2118 1182 2156 Nam
1215 2119 1245 2155 si
1278 2117 1390 2155 flores
1423 2119 1512 2155 dant
1543 2119 1679 2156 odores

1144 2176 1194 2213 Et
1227 2175 1400 2212 decorem
1433 2173 1644 2221 proferunt,

1087 2232 1178 2269 Mox
1209 2236 1446 2269 marcescunt
1478 2236 1515 2268 et
1541 2234 1719 2268 arescunt

1144 2287 1224 2325 Nec
1257 2288 1395 2326 durare
1426 2292 1616 2335 poterunt.

1084 2384 1185 2421 Tuus
1208 2385 1322 2431 viror,
1345 2394 1454 2431 quem
1477 2384 1562 2430 plus
1584 2384 1716 2430 miror⁷

1140 2441 1225 2478 Non
1257 2446 1313 2477 est
1344 2440 1614 2487 corruptibilis,

1086 2497 1166 2534 Nec
1197 2497 1395 2534 marcescit
1425 2507 1495 2533 nec
1515 2497 1716 2543 decrescit,

1144 2553 1219 2591 Sed
1253 2558 1308 2590 est
1338 2552 1594 2590 immutabilis.

1087 2649 1167 2686 Tua
1198 2647 1298 2686 fama
1329 2648 1534 2695 thymiama

1145 2706 1432 2751 Balsamumque
1463 2709 1629 2753 superat,

1090 2762 1187 2799 Dum
1207 2760 1412 2808 fraglascit‚
1432 2766 1576 2798 mentes
1593 2761 1716 2808 pascit

1145 2818 1192 2855 Et
1224 2829 1245 2855 a
1276 2823 1396 2855 morte
1426 2816 1576 2856 liberat.
