1785 3111
768 75 1075 117 —556—

652 256 734 292 379.
771 255 829 298 (8.)
866 254 1020 290 Laudes
1047 252 1194 289 studii.

426 365 463 404 1.
513 363 694 401 Concinat
726 362 845 399 laetas
875 354 960 407 lyra
992 358 1127 396 mentis
1158 358 1264 404 odas,

510 421 668 467 Voxque
699 419 749 455 sit
778 418 903 455 laetae
935 426 1060 454 comes
1091 425 1212 461 aequa
1243 413 1372 460 menti,

512 477 581 514 His
612 486 706 523 opus
739 473 850 511 firmo
882 474 1028 510 sociare
1060 475 1193 509 cantor

703 532 877 569 Foedere
909 533 1082 577 temptet.

432 650 470 686 2.
517 648 591 685 Dic
624 647 704 684 Deo
737 644 829 682 foris
860 644 1034 681 modulos
1064 643 1273 691 placentes,

514 703 700 741 Lacrimis
731 712 876 739 summo
906 700 1104 738 modulare
1137 699 1235 746 duci,

517 762 593 798 Per
623 770 756 807 preces
787 762 950 805 temptes
980 761 1184 804 penetrare
1216 755 1360 794 caelum

709 816 882 853 Tramite
913 815 1060 853 stricto.

433 933 471 970 3.
514 930 565 968 Ut
597 930 695 967 viam
728 929 889 976 (liscant‚
923 926 1070 974 fugiant
1101 926 1295 964 scholares

518 987 678 1024 Deditos
712 986 816 1022 carni
848 984 1006 1031 vitiique
1038 995 1179 1032 servos,

530 1044 688 1090 Semper
718 1042 895 1079 insistant
927 1040 1033 1087 operi
1065 1044 1235 1087 venusto,

714 1099 819 1136 Seria
851 1101 1047 1145 quaerant.

436 1217 474 1255 4.
522 1214 587 1251 Me
617 1213 721 1250 iuvat
752 1212 885 1249 laudes
917 1211 1035 1248 studii
1065 1211 1207 1259 levare⁷

521 1271 642 1308 Fonte
673 1281 741 1306 nos
772 1270 875 1306 cuius
907 1269 990 1306 Dea
1020 1278 1128 1305 sacra
1159 1271 1279 1314 potat,

521 1328 624 1373 Quae
655 1326 888 1364 reservatrix
918 1325 1115 1363 Heliconis
1146 1322 1270 1362 aufert

716 1383 892 1421 Nectaris
925 1383 1110 1419 haustum.

439 1502 478 1537 5.
529 1497 643 1535 Cuius
676 1497 848 1534 exhausit
882 1495 1063 1532 Nicolaus
1094 1494 1235 1531 undam

527 1555 577 1592 Et
610 1554 705 1591 bibit
738 1554 849 1600 plene
881 1552 1094 1590 Katherina
1125 1556 1252 1598 potum

529 1611 578 1648 Et
611 1611 788 1648 salutaris
819 1609 972 1646 sitiebat
1003 1618 1122 1655 aquae

722 1667 862 1704 Pocula
893 1666 1047 1703 Paulus.

443 1784 478 1821 6.
526 1782 611 1818 Non
645 1792 736 1817 onus
770 1779 888 1816 fortes
920 1778 1079 1816 retrahit
1113 1782 1298 1827 catervas,

529 1838 649 1874 Lucta
680 1837 747 1873 sed
782 1837 929 1873 dulcem
962 1835 1108 1873 revehit
1139 1835 1315 1881 quietem,

531 1894 600 1930 His
632 1893 741 1930 labor
771 1893 900 1929 ludum
935 1893 1033 1938 sapit
1059 1897 1092 1928 et
1128 1892 1300 1928 voluntas

723 1950 853 1986 Robur
883 1950 1060 1995 adauget,

446 2067 480 2105 7.
531 2067 618 2102 Vita
649 2063 813 2101 florescit
846 2062 1019 2108 speciosa
1052 2060 1156 2104 cleri,

524 2122 691 2160 ‘Pulchra
723 2120 850 2158 Pallas
883 2119 913 2154 si
945 2117 1146 2154 comitatur
1177 2117 1296 2165 illum,

532 2180 580 2216 Et
615 2178 708 2223 fugit
742 2176 891 2223 Cypris7
926 2173 1022 2221 fugit
1054 2179 1088 2211 et
1123 2173 1305 2220 gementis

726 2234 905 2271 Planctus
937 2231 1056 2271 avari,

448 2351 484 2388 5³0

536 2348 619 2385 Non
654 2347 740 2384 dolo
773 2345 891 2383 fallax
922 2345 1046 2383 aliena
1079 2348 1218 2391 raptat,

536 2405 652 2441 Dives
685 2407 753 2440 est.
786 2402 936 2449 quando
968 2401 1060 2438 nihil
1093 2406 1147 2437 est
1179 2401 1217 2437 in
1249 2411 1349 2448 arc-a,

541 2462 717 2498 Poculum
750 2460 843 2496 dicit
874 2458 1026 2495 fluviale
1059 2458 1247 2495 Bacchum

730 2516 895 2553 Parvula
928 2515 1100 2553 laudans.

451 2633 488 2669 9.
538 2631 643 2668 Unus
673 2630 709 2665 in
744 2629 895 2675 dignam
930 2627 1149 2665 cathedram
1182 2627 1340 2674 levatur,

540 2687 712 2723 Claustra
744 2689 917 2732 gratatur
949 2684 1116 2730 reliquus
1147 2688 1288 2727 tenere,

537 2741 647 2780 Alter
679 2743 715 2778 in
749 2742 876 2778 densis
907 2741 1065 2777 eremita
1096 2740 1202 2776 silvis

728 2799 903 2835 Pascitur
934 2797 1074 2834 herbis.
