1785 3111
97 195 134 232 3.
184 192 308 244 Salve,
342 194 455 230 stella
485 192 722 240 principalis,

175 249 248 287 Tui
277 261 439 297 namque
470 250 534 286 lux
565 249 704 286 natalis

229 306 364 343 Finem
402 305 476 343 fert
507 305 723 355 erroribus3

176 362 382 410 Virginalis
412 362 481 399 flos
512 363 651 411 illuxit,

174 419 262 456 Vita
292 423 372 457 tota
401 418 561 456 formam
594 419 701 456 duxit

233 476 342 514 Vitae
372 486 492 513 novae
523 475 703 514 moribus,

87 579 127 616 4.
176 577 302 626 Salve,
334 582 467 615 tantae
498 577 677 624 puritatis

173 635 263 683 Vas,
294 639 336 671 ut
367 645 492 681 regem
521 635 730 671 maiestatis

228 691 286 730 De
317 691 492 738 supernis
522 691 698 740 traxeris,

174 747 355 785 Gabriele
386 747 583 785 nuntiante

172 804 350 842 Inaudita
378 808 464 852 post
495 808 529 840 et
563 807 652 841 ante

230 861 374 900 Nuntia
404 861 629 907 susceperis,

92 965 129 1001 5.
177 962 300 1013 Salve,
333 962 454 1000 tutrix
486 962 672 999 castitatis

172 1019 253 1056 Nec
283 1019 495 1057 adhaerens
527 1019 722 1068 nuntiatis,

227 1076 360 1113 Donec
392 1080 496 1112 certa
526 1075 651 1123 fieres,

173 1132 286 1170 Salvo
316 1132 496 1179 virginali
524 1131 619 1169 flore

171 1189 280 1236 Quod
312 1189 466 1226 caelesti
498 1188 581 1226 fusa
612 1199 700 1226 rore

231 1246 372 1284 Filium
405 1245 637 1292 conciperes.

87 1349 124 1386 6.
170 1347 294 1393 Salve,
328 1351 432 1385 casta
463 1347 682 1394 Sunamitis‚

169 1404 269 1441 Fide
299 1404 460 1441 credens
491 1404 686 1448 inauditis,

227 1461 300 1498 Dei
331 1461 445 1508 plena
475 1461 608 1508 radi03

171 1517 296 1566 Salve,
328 1518 393 1554 lux
425 1517 661 1568 humilitatis,

171 1575 226 1612 Te
256 1574 433 1612 ancillam
463 1585 603 1612 vocans
634 1574 752 1622 gratis

227 1631 327 1669 Data
357 1631 438 1678 regi
469 1631 561 1669 filio.

89 1733 128 1772 7.
177 1733 301 1782 Salve,
335 1733 473 1779 spiritu
504 1733 680 1780 lustrata,

172 1789 297 1835 Salve,
331 1800 444 1826 carne
474 1794 678 1837 repurgata

231 1846 338 1884 Caeli
369 1844 590 1893 refrigerio3

173 1902 298 1951 Salve,
330 1902 412 1940 Deo
444 1901 658 1950 superfusa,

173 1959 298 2005 Salve,
333 1969 518 2006 generans
550 1960 726 1997 conclusa

233 2016 369 2053 Cordis
400 2027 446 2052 ex
474 2017 663 2054 incendio.

175 2123 302 2173 Salve,
333 2123 455 2160 Deum
487 2128 621 2162 ventre
655 2134 801 2172 gerens,

834 77 915 118 599

889 192 954 232 10.
1003 192 1127 239 Salve,
1163 194 1307 228 tantam
1338 199 1472 236 gerens
1505 188 1663 236 prolem,

889 578 952 615 11.

885 963 948 1001 12.

881 1348 946 1387 13.

882 1734 947 1771 14.

880 2125 945 2163 15.

171 2180 242 2227 Qui
284 2180 487 2218 humanum
518 2192 634 2228 genus
665 2191 837 2217 maerens

233 2237 309 2274 Per
338 2242 376 2273 te
406 2237 461 2273 sic
490 2237 694 2286 laetificat3

174 2293 205 2332 Ο
236 2304 346 2340 quam
378 2294 547 2340 gaudens
580 2294 764 2338 cecinisti,

174 2350 274 2387 Alvo
306 2350 498 2388 Christum
531 2361 613 2386 cum
646 2350 811 2399 sensisti,

233 2405 428 2443 Canticum
459 2406 683 2453 Magnificat
697 2407 703 2442 ἱ

93 2514 129 2551 9.
179 2513 303 2559 Salve,
334 2518 447 2560 partu
478 2513 693 2562 singularis,

175 2570 289 2618 Virgo
320 2571 476 2617 gignens
507 2570 614 2617 virgo
645 2570 763 2619 paris,

231 2627 426 2674 Virginum
459 2627 685 2675 purissima;

175 2682 310 2721 Gaude
340 2684 436 2721 tanti
468 2683 611 2720 vultum
644 2684 743 2730 regis

174 2739 332 2789 VidenS‚
365 2740 470 2777 cuius
499 2740 636 2787 pannis
666 2740 762 2787 tegis

229 2796 404 2834 Membra
436 2797 705 2836 sincerissima.

886 2515 950 2552 16.

994 250 1178 287 Fructum
1210 247 1310 284 vitae
1340 245 1467 292 laesis,
1497 245 1616 282 solem

1052 304 1278 341 Tenebratis
1309 301 1521 350 proferens,

998 362 1189 399 Visionem
1222 360 1452 408 pastoralem

998 418 1156 456 Stellam
1188 417 1362 464 viamque
1394 415 1558 463 regalem

1056 474 1179 512 Corde
1211 485 1306 521 puro
1338 471 1549 510 conferens.

1003 577 1127 622 Salve,
1158 576 1242 623 lege
1273 576 1404 612 volens
1435 574 1529 622 regi,

1000 633 1084 670 Non
1118 633 1275 670 astricta
1305 637 1431 668 tamen
1463 631 1536 679 legi

1053 690 1279 736 Purgandae
1309 698 1542 734 puerperae3

994 746 1091 783 Nam
1122 746 1312 791 impurum
1344 745 1398 781 nil
1430 745 1580 781 sensisti

993 802 1074 839 Nec
1106 802 1152 839 de
1184 803 1265 838 viro
1297 800 1517 849 concepisti,

1050 859 1126 896 Sed
1158 859 1205 895 de
1236 858 1308 895 Dei
1340 868 1506 894 munere.

995 962 1120 1009 Salve,
1154 961 1295 1007 templo
1327 960 1475 1009 figurali

995 1018 1131 1055 Finem
1162 1018 1279 1054 cultui
1309 1017 1422 1063 legali

1053 1074 1197 1111 Ferens
1228 1079 1331 1110 tuum
1359 1073 1488 1122 filium,

996 1131 1170 1169 Simeone
1200 1131 1415 1179 gratulante

997 1189 1072 1226 Sed
1105 1195 1140 1225 et
1172 1188 1243 1224 tibi
1275 1187 1527 1224 comminante

1055 1245 1153 1283 Suae
1181 1245 1314 1281 mortis
1346 1244 1528 1291 gladium.

995 1347 1120 1388 Salve,
1153 1346 1272 1383 tutrix
1304 1346 1480 1392 Nazarei‚

992 1404 1062 1449 Qui
1095 1408 1151 1440 est
1183 1403 1304 1440 omnis
1336 1407 1439 1439 tutor
1473 1402 1539 1447 rei,

1050 1460 1209 1498 Secessu
1240 1459 1447 1507 Aegyptio,

992 1517 1064 1554 Tui
1095 1528 1184 1554 cura
1218 1522 1255 1552 et
1284 1515 1454 1553 custodis

991 1574 1199 1611 Frustrans
1232 1571 1369 1610 furiam
1402 1572 1568 1609 Herodis

1048 1630 1215 1678 Fugiens
1247 1640 1330 1666 cum
1361 1628 1453 1668 filio.

996 1733 1120 1780 Salve,
1154 1733 1349 1780 gratulans
1380 1729 1563 1768 infantem

992 1790 1052 1827 Ex
1085 1793 1259 1836 Aegypto
1290 1792 1520 1825 remeantem

1050 1846 1245 1883 Galilaeae
1277 1845 1445 1892 civibus3

993 1903 1056 1940 Sic
1084 1908 1188 1940 stans
1211 1906 1318 1939 extra
1348 1912 1447 1938 nunc
1474 1901 1653 1938 Iudaeam

991 1960 1163 1997 Tandem
1195 1958 1366 1996 visitabit
1397 1969 1478 1995 eam
1537 1978 1540 1980 -

1049 2016 1213 2053 Veniens
1245 2026 1291 2052 ex
1323 2015 1510 2062 gentibus,

994 2124 1119 2171 Salve,
1152 2124 1275 2160 Iesum
1307 2133 1403 2169 quae
1433 2122 1613 2158 latentem

995 2180 1215 2226 Repperisti
1247 2179 1495 2216 disserentem

1052 2236 1187 2273 Tridui
1219 2240 1305 2282 post
1336 2236 1525 2281 reditum3

994 2293 1115 2330 Laeta
1146 2297 1268 2329 tecum
1300 2292 1500 2334 reduxisti,

993 2349 1173 2387 Gaudens
1204 2354 1328 2385 tecum
1359 2348 1515 2386 tenuisti

1053 2406 1193 2453 Regem
1220 2416 1348 2453 regum
1379 2405 1584 2444 subditum.

1002 2513 1126 2560 Salve,
1160 2524 1317 2550 cernens
1350 2517 1609 2550 coruscantem

993 2569 1105 2607 Miris
1134 2568 1245 2607 factis
1275 2575 1311 2606 et
1342 2574 1613 2607 monstrantem

1050 2626 1213 2664 Deitatis
1242 2627 1419 2674 gloriamg

994 2684 1198 2730 operando
1230 2688 1471 2731 potestatem,

994 2740 1259 2777 Praedicando
1290 2740 1501 2787 veritatem,

1051 2796 1163 2834 Vitae
1194 2796 1494 2834 sanctimoniam.
