1785 3111
779 90 1062 129 „14-

158 211 196 246 5.
229 208 417 245 Procedat
447 218 466 244 e
498 208 662 244 thalamo
693 216 759 242 suo
976 207 1012 243 7.
1044 205 1226 252 Aequalis
1258 209 1413 242 aeterno
1447 205 1560 252 patri,

227 264 389 302 Pudoris
419 265 505 301 aula
536 264 651 310 regia,
1045 262 1178 299 Carnis
1208 265 1364 308 tropaeo
1397 262 1557 309 cingere,

229 321 411 359 Geminae
442 322 545 367 gigas
575 318 809 356 substantiae
1046 316 1202 357 Infirma
1232 319 1351 355 nostri
1384 319 1556 365 corporis

228 378 379 415 Alacris
410 384 451 413 ut
482 380 609 413 currat
639 376 752 414 viam.
936 369 940 373 ’
1048 375 1198 411 Virtute
1229 373 1383 412 firmans
1414 375 1577 422 perpeti.

163 493 200 529 6.
232 491 417 537 Egressus
451 489 529 525 eius
560 500 582 525 a
614 493 736 537 patre,
981 490 1017 526 8.
1050 488 1264 534 Praesaepe
1294 488 1370 525 iam
1402 487 1521 534 fulget
1551 492 1666 533 tuum,

227 548 436 594 Regressus
469 546 548 582 eius
580 546 628 582 ad
663 549 823 592 patrem,
1049 545 1267 590 Lumenque
1296 555 1371 581 nox
1402 545 1522 591 spirat
1553 556 1673 592 suum,

230 604 423 640 Excursus
455 612 572 648 usque
605 602 654 638 ad
686 600 843 649 inferos,
1051 601 1158 647 Quod
1192 601 1295 637 nulla
1325 612 1399 638 nox
1429 601 1634 648 interpolet

230 660 419 696 Recursus
451 659 499 695 ad
531 659 660 695 sedem
694 658 776 695 Dei.
1048 658 1220 704 Fideque
1250 657 1327 704 iugi
1357 658 1494 696 luceat.

236 780 716 820 ACDEGHIKLNOQRST.
743 799 784 803 —
811 781 878 813 Str.
907 780 923 813 1
949 782 1035 813 fehlt
1060 782 1192 813 NRST.
1216 799 1261 802 Η
1289 780 1317 817 1,
1346 780 1361 812 1
1389 791 1486 822 reges
1512 782 1538 812 I.
1564 798 1607 802 —
1635 780 1663 819 1,
1690 779 1710 812 2

145 828 333 868 Cherubyn
358 828 384 858 1.
410 844 450 849 ——-
479 824 517 864 2,
547 825 569 858 4
595 827 670 858 Deo
698 828 801 865 EH1;
835 828 930 859 Deos
957 828 997 866 Q.
1024 845 1065 849 —
1091 825 1121 864 3,
1148 825 1169 858 3
1195 831 1245 858 est
1270 826 1356 858 fehlt
1381 826 1413 858 S.
1442 846 1482 849 —-
1508 824 1539 864 3,
1565 825 1586 858 4
1611 827 1709 858 Fluc-

144 878 269 914 tusque
292 873 337 903 H.
363 890 407 894 —
430 871 461 911 4,
490 871 505 903 1
533 876 701 904 tumescet
725 874 752 903 Ι.
778 890 821 893 -
845 871 877 911 4,
904 870 925 904 2
949 873 1090 914 podoris
1108 873 1141 912 13
1170 873 1331 903 Claustra
1350 873 1492 914 pudoris
1509 876 1710 914 permanent

146 920 216 958 QR.
245 935 287 939 —
315 916 355 956 4,
387 916 408 949 3
440 919 568 949 virtute
602 919 703 957 IKL3
740 920 881 949 virtutis
908 919 953 957 Q;
989 919 1121 949 micans
1147 918 1187 950 G.
1212 935 1257 938 —-
1280 916 1312 956 4,
1337 917 1358 949 4
1384 919 1577 949 Versantur
1602 918 1640 949 A.
1666 934 1710 938 —-

145 963 181 1001 5,
218 962 233 994 1
261 964 424 995 Procedit
458 964 507 1001 K;
541 964 737 995 Procedens
762 964 1039 1003 ACDEGHQR,
1076 964 1117 994 tle
1150 963 1303 994 thalamo
1329 963 1397 994 Ns.
1426 981 1463 984 -
1493 962 1523 997 -3,
1549 961 1569 994 2
1594 963 1708 995 aulam

146 1010 187 1041 N.
216 1025 258 1030 —fl
291 1007 322 1044 5,
355 1006 375 1040 3
408 1009 556 1041 Gemina
581 1010 693 1048 KOQ,
728 1011 851 1051 gigans
877 1008 1176 1048 ACDHKNOQS.
1210 1026 1254 1029 —
1278 1007 1309 1043 -5,
1344 1007 1366 1039 4
1390 1009 1527 1040 Alacris
1553 1012 1710 1040 occurrat

146 1056 239 1086 viam
264 1054 470 1086 ACDEGH.
505 1071 547 1075 -—
582 1052 617 1092 7,
650 1052 670 1085 2
703 1055 844 1085 trocheo
879 1054 955 1093 GE,
988 1053 1122 1085 trotheo
1148 1054 1232 1087 AH:
1259 1056 1440 1094 accingere
1466 1054 1538 1093 QR.
1564 1071 1608 1074 —
1632 1053 1663 1091 7,
1689 1053 1711 1084 4

147 1101 315 1142 perpetim
342 1100 415 1138 QR.
440 1117 485 1120 —
509 1098 539 1139 S,
569 1098 584 1130 1
613 1101 680 1130 iam
707 1100 914 1141 fulgentium
936 1100 1125 1140 korrigiert
1149 1101 1185 1130 111
1209 1099 1362 1141 fulg-enm)
1392 1104 1488 1130 tuum
1514 1100 1540 1130 Ι.
1566 1117 1609 1120 —
1634 1097 1664 1136 8,
1691 1098 1711 1130 2

145 1156 209 1177 nos
240 1146 289 1186 E;
325 1148 441 1186 sperat
474 1146 532 1184 IQ.
566 1162 608 1166 -
640 1143 671 1181 ὃ,
704 1144 725 1177 3
755 1146 853 1177 nulla
878 1156 940 1176 nos
965 1145 1049 1184 DE,
1076 1145 1263 1186 interpolat
1289 1146 1336 1184 Q:
1365 1145 1565 1186 interpollet
1593 1146 1710 1176 CDH:

147 1191 331 1232 interpulit
355 1192 381 1222 Ι.
409 1210 451 1214 -—
476 1188 507 1229 8,
533 1191 555 1221 4
579 1191 746 1232 Fideique
773 1192 854 1230 KL3
881 1191 1051 1231 Fidesque
1078 1192 1124 1230 Q;
1151 1191 1230 1232 iuge
1257 1191 1296 1221 L.

554 1377 558 1380 .
593 1348 630 1382 9.
668 1350 724 1386 ((3.)
764 1348 805 1381 111
832 1346 970 1382 Sancti
996 1347 1187 1382 Iohannis
1214 1348 1254 1382 E.

163 1453 199 1490 1.
233 1454 373 1490 Amore
406 1452 547 1489 Christi
578 1452 715 1489 nobilis
983 1456 1023 1491 5.
1056 1454 1098 1489 111
1131 1453 1320 1500 principio
1352 1458 1433 1490 erat
1465 1453 1635 1500 verbum,

231 1510 283 1547 Et
312 1509 412 1546 filius
445 1510 614 1558 tonitrui,
1052 1510 1101 1546 Et
1134 1509 1288 1546 verbum
1322 1515 1403 1546 erat
1433 1510 1535 1557 apud
1568 1510 1699 1557 Deum,

232 1568 385 1603 Arcana
418 1566 604 1603 Iohannes
636 1566 706 1602 Dei
1053 1566 1102 1603 Et
1120 1567 1223 1603 Deus
1246 1572 1327 1603 erat
1349 1567 1517 1615 verbum,
1542 1567 1613 1604 hoc
1634 1573 1715 1604 erat

234 1623 333 1660 Fatu
365 1623 546 1659 revelavit
578 1633 698 1661 sacro.
1054 1624 1097 1660 111
1130 1623 1318 1669 principio
1349 1623 1450 1669 apud
1483 1624 1624 1672 Deum3

164 1738 203 1775 2.
238 1736 368 1782 Captis
396 1735 543 1772 solebat
573 1735 740 1781 piscibus
985 1738 1022 1773 6.
1052 1736 1186 1773 Omnia
1227 1746 1296 1782 per
1326 1737 1449 1782 ipsum
1481 1735 1584 1774 facta
1615 1742 1714 1776 sunt.

237 1792 360 1829 Patris
390 1797 580 1828 senectam
611 1802 781 1838 pascere,
1053 1792 1126 1829 Sed
1158 1793 1241 1838 ipse
1272 1793 1384 1829 laude
1415 1798 1565 1830 resonet

235 1848 431 1885 Turbante
463 1848 550 1884 dum
582 1852 689 1885 nutat
721 1849 813 1894 salo,
1051 1849 1099 1886 Et
1131 1849 1322 1886 laureatus
1353 1849 1489 1895 spiritu

236 1905 444 1942 Immobilis
476 1904 551 1942 fide
582 1906 699 1945 stetit,
1053 1905 1214 1952 Scriptis
1246 1911 1446 1943 coronetur
1477 1907 1566 1944 suis.

168 2021 205 2056 3.
238 2019 399 2056 Hamum
430 2016 621 2065 profundo
653 2022 849 2065 merserat,
987 2020 1022 2057 7.
1056 2019 1260 2056 Commune
1291 2020 1417 2056 multis
1448 2020 1573 2066 passio

240 2075 413 2112 Piscatus
445 2081 498 2110 est
532 2075 686 2111 verbum
719 2074 803 2112 Dei.
1056 2075 1250 2122 Cruorque
1283 2076 1460 2113 delictum
1491 2077 1644 2123 lavans3

239 2132 397 2169 lactavit
429 2132 539 2167 undis
572 2132 679 2168 retia.
1055 2132 1138 2169 Hoc
1161 2139 1280 2169 morte
1301 2138 1471 2179 praestat
1492 2137 1714 2182 martyrum,

240 2188 363 2224 Vitam
395 2188 532 2225 levavit
563 2189 739 2226 omnium.
1054 2189 1161 2234 Quod
1192 2188 1280 2226 fecit
1312 2200 1393 2225 esse
1424 2195 1623 2238 martyres.

167 2303 205 2340 4.
239 2301 359 2338 Piscis
390 2300 508 2337 11011115
540 2300 604 2347 pia
636 2306 692 2338 est
724 2300 818 2337 fides
988 2304 1025 2341 S.
1058 2302 1215 2339 Vinctus
1246 2306 1370 2339 tamen
1402 2302 1449 2339 ab
1480 2303 1605 2349 impiis

236 2357 372 2394 Mundi
402 2362 652 2402 supernatans
683 2358 775 2405 salo,
1057 2359 1212 2396 Calente
1242 2359 1342 2396 olivo
1373 2359 1512 2396 dicitur

239 2413 407 2450 Subnixa
440 2413 583 2450 Christi
614 2419 767 2459 pectore
1056 2415 1227 2452 Tersisse
1256 2416 1386 2452 mundi
1417 2417 1624 2464 pulverem,

238 2470 376 2507 Sancto
408 2470 531 2506 locuta
562 2470 720 2516 spiritu:
1057 2472 1214 2509 Stetisse
1246 2472 1367 2509 victor
1394 2473 1544 2511 aemuli.

246 2592 546 2624 ACDEGHKLO.
574 2611 614 2614 —
641 2591 671 2626 2.
699 2592 719 2623 3
745 2598 840 2624 natat
858 2594 1120 2633 ACDEGHIO,
1147 2595 1258 2625 salum
1284 2595 1363 2629 KO:
1394 2596 1505 2626 salum
1532 2596 1717 2637 korrigiert

153 2639 189 2668 in
215 2638 289 2668 salo
316 2638 355 2668 L.
384 2655 417 2658 —
449 2636 480 2674 ὅ,
520 2636 535 2668 l
570 2637 776 2679 profundum
806 2639 844 2670 G.
874 2657 914 2661 -—
940 2638 970 2673 3,
996 2639 1017 2670 4
1043 2641 1173 2671 levavit
1198 2640 1375 2671 hominum
1401 2641 1544 2673 DEGH.
1571 2660 1610 2664 —
1638 2640 1669 2679 4,
1696 2640 1716 2672 2

154 2683 265 2714 salum
291 2683 562 2715 ACDEGHKL.
598 2702 641 2706 ——
673 2683 704 2719 4,
741 2684 760 2715 2
786 2684 924 2716 Christo
951 2689 1090 2726 pectora
1117 2685 1159 2718 C:
1187 2685 1316 2716 Christi
1343 2690 1482 2726 pectora
1509 2685 1715 2718 ACDEGH.

154 2745 196 2748 —
233 2726 270 2765 4,
307 2727 328 2758 4
365 2730 491 2759 Sancta
528 2729 641 2759 locata
679 2730 804 2769 spiritu
844 2731 881 2760 1..
923 2747 965 2752 —
1004 2730 1042 2764 6,
1079 2729 1100 2762 2
1132 2730 1178 2761 Et
1212 2731 1286 2771 ipse
1320 2730 1367 2764 E:
1407 2732 1473 2762 Sed
1506 2731 1608 2762 laude
1641 2733 1715 2773 ipse

153 2773 433 2805 ADEGHKLO:
460 2773 528 2804 Sed
554 2773 689 2805 laudem
717 2776 790 2815 ipse
809 2776 854 2807 (ἒς
882 2777 954 2816 ipse
974 2787 1009 2807 se
1035 2780 1134 2808 sonet
1151 2776 1223 2806 KL.
1249 2792 1294 2796 —
1319 2774 1348 2812 8,
1384 2774 1397 2806 1
1425 2777 1547 2807 Victus
1571 2777 1645 2808 ΑΗ.
1674 2794 1713 2797 --

152 2816 183 2857 8,
209 2816 230 2849 2
256 2819 393 2850 ducitur
421 2818 555 2850 ADEG.
581 2836 625 2840 —
650 2819 863 2859 Doxolog'ie:
891 2821 1011 2852 Gloria
1037 2822 1110 2855 tibi,
1138 2821 1300 2860 Domine,
1326 2825 1388 2852 ete.
1420 2822 1464 2852 11.
