1785 3111
663 84 973 125 —209—

468 229 550 266 158.
585 229 666 272 (27.)
702 230 877 274 Hymnus
902 229 1173 266 Paenitentis.

726 299 903 340 (Dubius.)

49 392 84 430 1.
116 392 233 442 Deus,
266 392 370 430 orbis
401 397 612 442 reparator,
866 397 904 432 4.
937 393 1022 431 Nisi
1052 398 1093 431 tu
1124 394 1289 431 clemens
1321 403 1489 430 mearum

171 450 236 486 lux
266 453 445 487 aeternae
475 450 633 496 gloriae,
991 451 1233 488 lacrimarum
1266 450 1407 487 rivulos

114 505 225 554 Mihi,
257 517 410 553 quaero,
442 507 650 553 paenitenti
935 509 1016 554 Ope
1047 512 1135 544 tuae
1165 507 1318 555 pietatis

172 563 314 610 praebe
345 563 430 610 pius
461 564 621 613 veniam,
993 564 1159 612 digneris
1192 564 1394 611 respicere.

46 667 84 705 2.
116 665 170 704 Ut
200 665 358 703 admissi
391 664 617 704 delitescant
868 668 906 704 5.
939 666 992 704 Ut
1021 665 1149 703 ablata
1181 666 1356 703 vitiorum

172 721 354 760 facinoris
386 722 535 772 cumuli,
995 723 1109 759 sorde
1139 733 1235 769 puro
1266 728 1421 769 pectore

116 780 282 825 Quorum
314 780 421 826 gravi
453 780 551 816 mole
582 789 695 826 cogor
938 779 1024 816 Tibi
1055 779 1135 826 regi
1167 780 1397 825 sempiterno

171 836 320 874 anxiari
352 836 503 883 spiritu.
995 841 1121 884 grates
1153 847 1286 883 queam
1316 836 1475 876 solvere,

44 941 83 979 3.
115 938 189 987 En,
222 938 272 976 ad
302 939 420 976 rutila
449 938 622 985 polorum
866 941 902 979 6.
935 939 1038 986 Ergo
1068 940 1153 986 pius
1185 938 1366 976 obstinati

172 1006 247 1033 non
279 1006 360 1032 sum
393 995 528 1042 dignus
559 996 687 1033 sidera
994 996 1173 1034 duritiam
1205 996 1347 1033 corculi

114 1051 293 1089 Infelices
322 1063 393 1099 pro
425 1051 574 1089 delictis
935 1053 986 1091 Et
1016 1054 1195 1090 mollesce
1227 1056 1263 1090 et
1297 1063 1467 1090 maerore

170 1108 371 1147 sublevare
401 1109 542 1158 oculos,
992 1120 1075 1147 sere
1105 1110 1379 1156 medicaminis,

420 1213 455 1251 7.
505 1213 576 1259 Qui
608 1223 690 1250 cum
722 1216 833 1259 patre
863 1213 1097 1260 sempiterna

563 1270 670 1317 regni
700 1274 806 1307 tenes
837 1271 970 1307 solium

509 1328 553 1364 In
584 1327 729 1364 unitate
760 1328 918 1374 perenni

562 1386 675 1430 atque
707 1389 838 1421 sancto
870 1385 1020 1431 spiritu.

125 1484 308 1526 Martyrol.
338 1495 399 1515 mS.
425 1483 711 1525 Modoitiense(‘?)
745 1496 832 1517 saec.
860 1483 890 1517 9.
916 1497 968 1517 ex.
1011 1485 1094 1517 Cod.
1113 1486 1226 1526 Capit.
1252 1486 1424 1516 Vermien.
1451 1484 1494 1517 90
1519 1483 1597 1523 (85).

28 1531 68 1562 Α.
96 1548 135 1552 —
163 1531 347 1562 Browerus
376 1541 407 1572 p.
434 1528 488 1562 83.
514 1531 552 1562 Β.
579 1549 623 1552 —
646 1528 688 1568 2,
720 1529 734 1562 l
767 1532 953 1563 commissa
978 1531 1161 1562 deliteseat
1185 1531 1225 1562 A.
1252 1549 1293 1551 —
1321 1529 1358 1568 2,
1393 1529 1412 1561 2
1437 1532 1596 1563 cumulus

27 1578 67 1607 A.
93 1593 136 1598 -
162 1573 198 1614 2,
229 1574 250 1607 3
285 1576 374 1607 male
398 1575 438 1607 A.
464 1593 508 1596 —
533 1574 570 1613 2,
604 1575 626 1607 4
651 1578 805 1608 anxiaris
831 1577 871 1609 A.
897 1595 940 1598 -—
966 1575 1005 1616 3,
1041 1575 1055 1607 l
1085 1577 1127 1608 ad
1153 1576 1279 1608 ultima
1304 1577 1463 1617 polorum
1490 1579 1527 1608 B.
1553 1595 1598 1598 —

26 1620 59 1660 4,
90 1619 111 1653 3
144 1621 253 1663 Opem
279 1622 318 1652 A.
347 1638 384 1642 -—
414 1622 482 1654 Str.
509 1620 529 1653 5
560 1621 590 1653 ff.
624 1622 739 1653 fehlen
764 1623 804 1654 B.
830 1642 870 1645 -
898 1621 936 1657 5,
970 1621 985 1653 1
1014 1622 1133 1653 oblata
1158 1622 1199 1654 A.
1225 1639 1260 1644 —
1290 1621 1324 1655 5.
1360 1621 1382 1653 4
1407 1627 1596 1665 grataeque

29 1678 70 1699 ex
96 1667 279 1699 absolvere
303 1667 343 1698 A.
369 1684 414 1690 —-
439 1664 469 1705 6,
499 1665 515 1698 1
543 1668 717 1700 obstinate
742 1668 782 1700 A.
808 1686 852 1689 -
878 1668 908 1707 6,
935 1666 955 1699 2
980 1668 1125 1699 torculis
1143 1669 1182 1699 A.
1206 1685 1243 1688 —
1265 1666 1295 1701 6,
1321 1667 1342 1698 4
1369 1668 1598 1700 medicamine

28 1713 66 1744 A.
92 1731 137 1735 —
163 1711 193 1751 7,
219 1710 239 1744 2
265 1716 344 1744 tene
369 1712 409 1744 A.
437 1730 479 1733 —
504 1714 554 1744 Zu
580 1713 645 1745 Str.
672 1711 693 1745 3
718 1714 786 1756 vgl.
815 1714 880 1745 den
906 1714 1067 1755 Hymnus
1093 1711 1151 1744 As?
1176 1712 1266 1745 caeli
1291 1711 1388 1745 clara
1419 1723 1487 1745 non
1516 1722 1595 1745 sum

27 1755 160 1799 (Myrtus
186 1756 314 1797 sidera,
340 1769 381 1790 w.
409 1769 439 1789 o.
466 1757 500 1789 S.
528 1756 602 1791 148.

97 2884 261 2919 Dreves,
287 2886 492 2913 Lateinische
513 2886 803 2920 Hymnendichter.
844 2886 886 2913 11.
1348 2883 1387 2914 14
