1785 3111
790 111 1100 153 -448—

206 231 241 270 7.
278 228 497 275 Benedicta,
531 227 635 263 cuius
667 226 745 264 vita

332 284 483 321 Summo
514 283 592 330 regi
624 283 766 329 placita

280 343 435 380 Hostem
458 339 605 389 stravit,
629 339 779 386 culpam
800 339 905 388 lavit,
924 355 928 358 ·

332 396 576 434 Restauravit
606 396 769 444 perdita.

205 500 242 538 8.
273 498 406 536 Mater
437 498 520 546 Dei,
554 507 687 544 preces
719 497 752 534 ei

333 554 481 602 Funde,
514 565 609 602 quae
635 565 703 591 nos
724 555 908 602 muniant,

278 613 418 649 Preces
450 610 580 659 funde,
612 615 652 648 ut
683 611 872 648 secundae

336 668 512 715 Quaeque
544 678 603 705 res
634 667 821 706 eveniant.

204 773 241 810 9.
274 771 374 808 Tuas
406 780 538 817 preces
570 768 743 807 efficaces

330 827 426 865 Esse
456 838 644 873 nunquam
675 826 844 873 ambigit,

275 884 450 930 Quisquis
468 884 589 929 illum,
607 893 715 930 quem
728 883 908 929 pusillum

334 940 556 986 Lactavisti,
591 940 729 987 diligit.

178 1043 247 1082 10.
282 1042 398 1089 Virgo
429 1042 525 1078 lenis
558 1053 579 1078 a
612 1041 764 1078 venenis

333 1099 398 1136 Me-
432 1098 607 1135 draconis
638 1097 772 1146 libera,

284 1155 398 1193 Cuius
431 1155 508 1192 doli
540 1155 641 1191 celsa
671 1153 751 1200 poli

342 1210 593 1249 Labefactant
624 1210 765 1249 sidera.

178 1314 244 1354 11.
275 1314 410 1361 Pensa,
443 1323 572 1364 pensa,
596 1323 705 1359 quam
727 1313 909 1349 immensa

333 1370 467 1408 Carnis
498 1369 545 1406 sit
578 1368 777 1417 fragilitas,

275 1428 393 1474 Quam
424 1426 590 1473 iniquum
622 1426 814 1463 inimicum

337 1484 478 1520 Nostra
510 1481 584 1519 fert
616 1482 850 1520 humanitas!

178 1586 243 1623 12.
282 1585 354 1622 Dei
386 1585 484 1633 aula,
519 1585 764 1621 circumvalla

317 1642 417 1687 ,Tuo
448 1652 515 1678 nos
557 1641 773 1679 munimine.

277 1698 374 1735 Reos
407 1699 523 1744 solve,
556 1698 674 1734 iustos
707 1696 804 1746 fove,

337 1754 551 1791 Imbecilles
583 1755 740 1792 sustine.

183 1857 247 1894 13.
278 1854 486 1892 Mediatrix
518 1858 555 1890 et
586 1854 769 1891 salvatrix

335 1909 573 1947 Infirmarum
606 1910 798 1955 mentium,

279 1968 309 2004 F
313 1977 381 2004 ave
412 1967 521 2011 votis,
556 1967 649 2003 dans
680 1966 845 2013 aegrotis

337 2025 516 2070 Optatum
550 2023 769 2061 remedium.

183 2128 247 2165 14.
283 2126 413 2164 Cnecis
445 2126 572 2162 lumen
604 2130 640 2162 et
670 2136 826 2162 acumen

337 2182 520 2229 Caligosis
552 2192 700 2229 repara,

282 2239 385 2276 Leva
415 2249 581 2285 pressos,
613 2239 700 2275 iuva
732 2237 865 2287 fessos,

340 2296 557 2332 Maerentes
590 2295 770 2332 exhilara.

185 2393 248 2430 15.
280 2392 494 2438 Egenorum
524 2396 561 2427 et
592 2391 803 2428 vinctorum

338 2448 543 2486 Consolare
573 2449 764 2494 gemitum,

282 2504 498 2550 Peregrinis
530 2508 566 2540 et
599 2505 757 2550 captivis

339 2560 496 2597 Gratum
528 2571 641 2606 posce
672 2561 849 2600 reditum.

185 2658 249 2696 16.
283 2657 336 2695 Ut
367 2656 551 2692 laetantes
580 2655 801 2702 navigantes

344 2711 505 2748 Veniant
535 2712 584 2748 ad
614 2712 756 2757 littora,

284 2768 478 2805 Violentos
512 2768 646 2804 claude
679 2772 808 2805 ventos

339 2824 445 2861 Mota
477 2825 613 2861 sedans
643 2834 819 2870 aequora.

997 227 1062 265 17.
1094 226 1269 263 Inimicos
1302 225 1362 264 fac
1392 227 1532 264 amicos

1151 283 1201 320 Et
1232 283 1414 330 benignos
1446 284 1618 334 invicem,

1095 340 1145 378 Ut
1178 351 1251 377 non
1283 350 1447 387 gravem,
1481 341 1547 378 sed
1575 350 1728 378 suavem

1151 396 1364 434 Sentiamus
1395 396 1569 435 iudicem.

998 498 1063 536 18.
1097 499 1171 536 Pro
1203 497 1368 543 Iudaeis,
1401 498 1492 534 licet
1523 498 1610 546 reis,

1152 555 1271 591 Tuum
1303 565 1394 601 roga
1425 554 1556 600 filium,

1097 611 1149 649 Ut
1170 616 1376 658 agnoscant
1398 611 1498 647 hunc
1514 615 1548 647 et
1567 613 1725 657 poscant

1152 668 1245 704 Eius
1272 667 1513 704 adiutorium.

998 770 1061 808 19.
1094 769 1124 807 O
1156 769 1336 816 magistra
1367 773 1403 806 et
1435 769 1609 806 ministra

1153 827 1274 863 Verae
1304 825 1527 872 sapientiae,

1094 883 1173 920 Fac
1203 893 1263 919 me
1290 887 1433 919 rectum
1456 886 1492 918 et
1516 880 1729 929 perfectum

1152 939 1195 975 In
1227 939 1288 976 via
1318 939 1499 977 iustitiae.

1000 1042 1066 1080 20.
1098 1042 1217 1079 Posce
1246 1044 1387 1089 natum,
1420 1045 1462 1078 ut
1492 1046 1636 1078 reatum

1154 1097 1281 1134 Meum
1312 1097 1395 1143 ipse
1427 1097 1563 1148 deleat,

1097 1153 1149 1191 Et
1173 1154 1348 1201 implora,
1379 1157 1421 1190 ut
1451 1154 1489 1190 in
1523 1155 1615 1192 hora

1156 1210 1295 1247 Mortis
1326 1210 1379 1246 nil
1411 1220 1469 1247 me
1499 1214 1655 1249 terreat.

997 1312 1062 1351 21.
1096 1312 1172 1350 Ora
1202 1322 1339 1359 regem,
1372 1317 1414 1349 ut
1444 1313 1498 1349 sic
1528 1313 1648 1360 legem

1152 1369 1276 1415 Ipsius
1308 1369 1531 1416 custodiam,

1099 1425 1148 1464 Ut
1180 1436 1227 1462 ex
1260 1426 1399 1463 mundo
1431 1426 1662 1464 transeundo

1154 1482 1293 1520 Laetus
1327 1482 1426 1519 hunc
1456 1483 1651 1529 aspiciam.

1002 1585 1068 1622 22.
1101 1584 1130 1622 Ο
1162 1583 1286 1632 beata,
1318 1584 1372 1620 sic
1403 1588 1560 1631 peccata

1158 1641 1247 1677 Tuis
1280 1640 1365 1677 dele
1395 1640 1585 1689 precibus,

1104 1697 1205 1742 Quae
1236 1697 1417 1746 commisi,
1451 1697 1621 1744 paradisi

1158 1755 1211 1792 Ut
1241 1754 1430 1800 quiescam
1462 1753 1630 1792 sedibuS.

1002 1855 1068 1893 23.
1101 1854 1155 1891 Te
1187 1855 1351 1892 colentes
1384 1853 1444 1892 fac
1474 1855 1693 1902 gaudentes,

1157 1912 1299 1948 Cuncta
1329 1912 1476 1958 pellens
1509 1912 1623 1949 noxia

1100 1968 1149 2004 Et
1180 1978 1355 2016 procura,
1389 1972 1428 2006 ut
1459 1979 1635 2005 mansura

1156 2023 1404 2062 Perfruamur
1434 2025 1565 2072 gloria.

1001 2127 1065 2164 24.
1098 2126 1218 2163 Maris
1248 2126 1370 2174 stclla,
1404 2126 1458 2162 sic
1489 2126 1675 2172 compella

1155 2183 1279 2219 Aures
1310 2182 1445 2219 summi
1475 2182 1624 2231 iudicis,

1100 2239 1154 2278 Ut
1184 2249 1251 2275 nos
1281 2237 1388 2275 festis
1419 2249 1488 2275 rex
1521 2239 1695 2276 caelestis

1158 2295 1284 2333 Societ
1314 2295 1509 2342 angelicis.

997 2393 1062 2430 25.
1094 2392 1147 2430 Ut
1177 2391 1214 2428 in
1245 2395 1348 2428 sorte
1377 2395 1413 2428 et
1445 2391 1599 2428 cohorte

1154 2449 1410 2494 Supernorum
1443 2448 1579 2485 civium

1098 2504 1348 2541 Numeremur
1379 2508 1416 2540 et
1448 2504 1632 2541 laetemur

1155 2561 1198 2596 In
1230 2564 1333 2597 terra
1364 2561 1582 2598 viventium.

1004 2658 1069 2694 26.
1103 2656 1211 2693 Vitae
1243 2655 1353 2693 dator
1385 2659 1422 2692 et
1452 2656 1660 2702 plasmator

1156 2714 1213 2749 Ac
1244 2711 1462 2758 redemptor
1493 2711 1666 2760 hominis,

1100 2768 1226 2806 Clavis
1257 2768 1397 2815 David,
1430 2778 1539 2814 quem
1560 2767 1726 2814 portavit

1161 2825 1302 2862 Venter
1332 2824 1455 2861 almae
1486 2824 1654 2871 virginiS.
