1785 3111
781 58 1090 98 —618—

664 168 731 211 De
766 169 930 212 sancto
962 168 1203 213 Udalrieo.

571 259 652 296 399.
687 260 745 302 (1.)
782 259 957 304 Hymnus
983 261 1033 296 ad
1058 260 1290 304 vesperam.

181 386 189 394 .
235 354 403 392 Odelrici
434 353 624 401 pontificis

240 411 436 448 Festivum
468 411 681 448 natalitium

238 467 487 505 Concelebret
515 467 739 504 sollenniter

239 524 468 562 Cunctorum
500 524 608 570 plebs
639 523 820 562 fidelium.

183 648 189 655 .
237 615 339 653 Odas
370 625 504 652 suaves
536 618 714 662 personet

234 674 363 719 Agens
395 670 533 709 festiva
563 671 702 718 gaudia

236 729 287 766 Et
319 733 537 766 reverenter
568 728 743 766 concinat

235 786 328 823 Eius
360 785 456 822 mira
487 785 704 832 praeconia.

182 908 188 915 .
236 877 349 914 Ortus
381 886 426 913 ex
456 876 707 914 Alamanniae

236 934 362 980 Patre,
394 936 515 970 matre
545 933 748 979 nobilibus,

238 989 419 1026 Honestis
452 989 578 1027 verbis
611 990 747 1026 claruit

235 1046 310 1083 Hic
341 1049 378 1082 et
408 1046 528 1083 iustus
560 1046 752 1092 operibus.

181 1167 189 1175 .
236 1137 310 1174 Hic
342 1141 517 1174 constans
548 1137 744 1184 patientia,

235 1192 326 1230 Pius
357 1193 631 1241 misericordia,

236 1250 403 1289 Caritate
435 1251 691 1300 praestabilis,

233 1308 305 1344 Hic
335 1307 449 1355 mitis,
483 1312 622 1357 castus,
654 1307 819 1348 humiliS.

921 358 924 361 ’
971 357 1008 393 5.
1052 355 1224 393 Orationi
1257 355 1421 403 deditus,

1055 411 1334 458 Frequentibus
1365 411 1531 457 ieiuniis,

1054 468 1198 515 Largus
1229 468 1266 505 in
1299 468 1539 519 elemosynis,

1054 525 1242 562 Assiduus
1274 525 1426 572 vigiliis.

999 645 1007 654 .
1057 615 1274 653 Odelricum
1307 616 1585 653 sanctissimum

1057 672 1333 709 Miraculorum
1365 673 1487 720 gratia

1055 728 1277 766 Mirificavit
1311 729 1496 766 Dominus

1055 785 1228 822 Mirabili
1260 786 1445 832 potentia.

999 907 1007 915 .
1058 877 1132 913 Hic
1163 877 1317 923 praesul
1350 880 1436 924 post
1467 880 1524 914 tot
1553 887 1670 924 opera

1059 934 1235 971 Claustra
1267 934 1486 980 relinquens
1517 932 1642 971 infera

1058 991 1223 1027 Locatus
1255 1000 1373 1037 super
1405 991 1537 1029 sidera

1059 1046 1211 1084 Gaudet
1241 1047 1280 1083 in
1312 1047 1398 1084 aula
1430 1058 1580 1096 supera.

1000 1168 1008 1176 .
1056 1138 1137 1174 Tua
1168 1148 1236 1175 nos
1269 1148 1383 1184 prece
1414 1138 1588 1175 muniens

1056 1193 1116 1232 Ab
1148 1194 1312 1231 hostium
1344 1195 1507 1239 insidiis,

1058 1251 1246 1300 Odelrice,
1279 1250 1511 1297 perennibus

1056 1309 1137 1346 Fac
1167 1306 1317 1355 perfrui
1347 1319 1415 1346 nos
1447 1307 1643 1355 praemiis.

598 1400 635 1437 9.
680 1398 801 1446 Patri,
834 1402 923 1436 nato
954 1402 990 1435 et
1021 1397 1165 1435 flamini

682 1455 827 1503 Honor,
862 1455 981 1492 virtus
1014 1460 1047 1492 et
1081 1456 1212 1505 gloria,

686 1514 873 1557 Potestas,
907 1512 1001 1562 laus,
1035 1512 1235 1561 imperium

684 1570 758 1606 Per
790 1570 941 1607 saecula
972 1569 1045 1606 sint
1077 1569 1214 1608 omnia.

564 1736 645 1772 400.
681 1736 738 1779 (2.)
774 1737 949 1780 Hymnus
975 1736 1025 1772 ad
1056 1736 1312 1772 Matutinum.

187 1859 196 1869 .
242 1830 395 1866 Festum
428 1831 598 1867 sollenne
629 1830 823 1867 celebrent

243 1887 411 1924 Odelrici
443 1897 525 1923 cum
558 1887 734 1924 laudibus

246 1943 379 1981 Cuncti
412 1947 539 1980 coetus
570 1943 741 1980 fidelium

242 1999 273 2037 F
278 2000 407 2037 estivis
439 2010 521 2037 cum
550 2000 768 2039 honoribus.

187 2121 194 2129 .
244 2094 297 2131 Ut
328 2092 534 2129 honoratus
565 2091 713 2140 merito,

240 2149 432 2196 Benignus
463 2152 499 2185 et
530 2148 734 2186 laudabilis

242 2206 318 2243 Hic
349 2205 387 2242 in
421 2215 547 2242 eorum
580 2205 757 2252 precibus

242 2262 443 2300 Reddatur
477 2262 718 2300 exaudibilis.

187 2381 196 2390 .
243 2353 316 2389 Hic
347 2353 383 2389 in
416 2353 605 2390 commissi
636 2353 768 2400 populi

244 2410 344 2447 Cura
375 2420 415 2446 se
448 2410 554 2447 dedit
585 2410 738 2457 vigilem

247 2467 382 2504 Coram
414 2466 496 2503 Deo
527 2471 564 2503 et
595 2466 744 2503 homine

209 2527 214 2533 ’
245 2522 291 2559 Se
323 2522 497 2568 praebuit
529 2528 566 2559 et
597 2523 789 2561 humilem.

191 2643 199 2652 .
247 2612 408 2650 Talenta
434 2623 543 2650 sacra
576 2613 775 2660 duplicans

253 2669 419 2706 Pastoris
451 2680 519 2715 per
550 2668 715 2707 officium

249 2725 383 2762 Fidele
415 2726 543 2763 reddit
574 2726 736 2763 Domino

256 2782 396 2819 Servus
427 2782 595 2829 prudens
627 2782 835 2821 servitium.

978 1833 1015 1869 5.
1062 1831 1136 1867 Hic
1165 1831 1318 1878 praesul
1350 1830 1494 1870 Christi
1525 1829 1683 1868 vernula

1060 1887 1209 1925 Fidelis
1240 1891 1366 1924 mente
1397 1887 1531 1925 sedula

1062 1944 1176 1981 Verbi
1210 1944 1329 1981 divini
1360 1943 1501 1991 pabula

1062 2001 1138 2038 Dat
1169 2002 1310 2048 populo
1341 2012 1415 2037 non
1446 2000 1620 2047 paucula.

1005 2121 1013 2129 .
1063 2091 1211 2129 Sanctis
1244 2090 1392 2138 fulgens
1423 2090 1613 2140 operibus,

1064 2147 1286 2185 Potentibus
1318 2148 1524 2196 miraculis,

1062 2205 1136 2241 Hie
1167 2202 1259 2241 felix
1290 2204 1458 2251 gaudens
1489 2204 1638 2242 residet

1061 2261 1240 2298 Aeternis
1272 2261 1513 2299 habitaculis.

1011 2384 1018 2391 .
1067 2353 1311 2390 Consociatus
1343 2351 1512 2390 coetibus

1065 2410 1192 2447 Beatis
1225 2410 1320 2447 caeli
1350 2409 1504 2447 sedibus

1065 2467 1173 2504 Nunc
1205 2465 1344 2503 fruitur
1374 2465 1579 2503 honoribus

1067 2523 1216 2560 Debitis
1248 2528 1285 2560 et
1315 2522 1506 2569 operibus.

1014 2644 1021 2651 .
1069 2613 1126 2651 Sit
1156 2613 1258 2661 patri
1289 2622 1439 2659 semper
1469 2612 1600 2661 gloria,

1068 2670 1212 2717 Honor,
1246 2673 1413 2715 potestas
1444 2668 1523 2705 filio

1069 2726 1155 2764 Una
1184 2736 1266 2762 cum
1298 2729 1428 2762 sancto
1459 2725 1608 2772 spiritu,

1070 2783 1141 2828 Qui
1173 2785 1305 2828 regnat
1337 2782 1432 2819 caeli
1463 2781 1569 2820 solio.
