1785 3111
712 56 995 97 —71-.

163 174 234 205 Aus
266 173 333 205 den
363 182 434 203 von
467 172 539 203 Leo
571 181 602 211 p.
637 170 754 201 XXIV
781 170 833 201 als
861 168 1029 212 „Spuria“
1058 169 1304 202 bezeichneten
1331 168 1523 202 Gedichten
1548 167 1639 199 habe

70 220 127 251 ich
151 219 224 251 drei
249 218 517 260 aufgenommen
541 225 604 247 aus
622 215 798 252 Grtinden‚
825 215 879 247 die
899 216 955 247 bei
973 216 1040 247 den
1059 215 1240 247 einzelnen
1258 215 1421 256 Hymnen
1438 214 1639 255 angegeben

70 265 159 297 sind.
207 264 279 296 Auf
306 264 363 295 die
397 262 529 294 andern
565 262 660 293 kann
693 261 748 292 ich
785 261 878 298 hier.
912 261 956 292 da
990 272 1025 292 es
1060 261 1150 292 mich
1184 271 1227 292 zu
1260 261 1340 291 weit
1363 259 1487 290 fiihren
1513 259 1638 297 wiirde,

70 311 130 342 des
161 309 313 342 naheren
345 308 443 340 nicht
474 307 657 349 eingehen.
707 307 782 337 Nur
806 307 869 338 das
895 307 971 338 eine
997 308 1049 338 sei
1075 306 1250 344 bemerkt,
1283 305 1359 337 dass
1384 306 1476 337 Leos
1501 305 1562 337 Nr.
1588 305 1638 336 IX

70 356 141 387 und
176 356 208 387 X
240 356 287 386 im
319 354 551 395 Hymnarium
585 352 646 384 des
680 352 869 383 Kardinals
898 352 1088 389 Tommasi‚
1122 356 1292 394 entgegen
1324 351 1385 383 der
1409 350 1642 391 Behauptung

70 403 172 438 Leos,
198 401 276 432 dem
301 401 512 431 Fortunatus
538 397 667 429 nicht
692 397 964 439 zugeschrieben
990 397 1136 429 werden.

448 646 508 682 66.
544 646 602 689 (sl.)
638 645 683 679 In
709 645 875 679 Honore
903 644 1071 679 sanctae
1098 643 1253 679 Crucis.

661 716 774 747 Carni.
801 715 838 746 C.
863 715 927 752 III⁷
954 725 986 747 n.
1012 712 1043 745 2.

87 824 124 862 1.
157 823 298 869 Pange,
330 821 471 869 lingua,
501 819 657 866 gloriosi

212 877 400 925 proelium
431 876 649 913 certaminis

155 935 205 972 Et
237 944 353 981 super
383 933 506 970 crucis
537 937 708 979 tropaeo,

215 991 276 1028 dic
305 990 536 1036 triumphum
567 989 746 1033 nobilem,

157 1048 329 1094 Qualiter
358 1047 580 1093 redemptor
610 1046 714 1083 orbis

210 1105 426 1142 immolatus
458 1103 608 1141 vicerit.

86 1222 122 1258 2.
160 1218 218 1256 De
248 1218 419 1265 parentis
449 1217 680 1264 protoplasti

212 1273 348 1312 fraude
380 1273 503 1311 factor
535 1274 753 1323 condolens,

153 1332 312 1380 Quando
342 1331 445 1378 pomi
476 1331 637 1368 noxialis

213 1393 335 1426 morte
365 1399 493 1425 morsu
525 1388 679 1437 corruit,

158 1447 246 1493 Ipse
276 1446 420 1493 lignum
450 1449 540 1482 tune
571 1444 732 1491 notavit,

218 1504 356 1540 damna
385 1502 479 1549 ligni
512 1505 552 1538 ut
582 1502 762 1540 solveret.

86 1619 123 1657 3.
155 1616 240 1653 Hoc
270 1627 364 1663 opus
396 1620 549 1653 nostrae
580 1615 714 1652 salutis

213 1673 308 1710 ordo
341 1673 633 1721 depoposcerat,

155 1728 408 1768 Multiformis
439 1729 649 1776 perditoris

213 1792 296 1824 arte
325 1791 367 1824 ut
397 1791 519 1823 artem
551 1784 705 1823 falleret

156 1843 208 1881 Et
235 1844 424 1881 medelam
456 1842 575 1880 ferret
604 1843 707 1889 inde,

213 1901 332 1937 hostis
363 1901 465 1937 unde
495 1900 672 1938 laeserat.

83 2017 124 2052 4.
156 2014 314 2060 Quando
342 2014 446 2050 venit
475 2024 565 2061 ergo
595 2013 694 2050 sacri

212 2071 412 2118 plenitudo
443 2070 640 2118 temporis,

153 2127 294 2165 Missus
325 2132 382 2164 est
413 2127 460 2164 ab
492 2138 580 2164 arce
611 2127 732 2173 patris

211 2188 322 2222 natus
353 2184 456 2222 orbis
490 2184 665 2221 conditor

156 2241 282 2288 Atque
313 2246 446 2278 ventre
478 2241 653 2289 virginali

214 2308 327 2335 carne
358 2297 482 2335 factus
512 2297 669 2346 prodiit.

89 2414 124 2450 5.
161 2412 272 2459 Vagit
301 2409 427 2448 infans
457 2411 559 2447 inter
589 2415 673 2448 arta

217 2469 392 2505 conditus
423 2468 659 2514 praesaepia,

156 2523 331 2562 Membra
361 2525 497 2572 pannis
529 2525 699 2561 involuta

213 2582 319 2629 virgo
350 2586 472 2619 mater
503 2582 661 2628 adligat,

156 2638 207 2675 Et
236 2639 355 2685 pedes
386 2648 603 2685 manusque⁷
637 2649 747 2675 crura

217 2695 349 2732 stricta
379 2696 500 2742 pingit
534 2694 666 2734 fascia.

906 820 943 856 6.

908 1616 944 1653 ss.)

885 2412 947 2449 10.

977 818 1118 855 Lustra
1152 827 1219 854 sex
1250 817 1314 864 qui
1344 818 1420 854 iam
1452 822 1608 864 peracta

1034 879 1183 921 tempus
1217 874 1379 921 implens
1411 874 1594 923 corporis,

977 931 1025 968 Se
1057 932 1220 979 volente,
1252 935 1363 968 natus
1395 931 1443 968 ad
1476 931 1558 979 hoc,

1032 988 1200 1037 passioni
1233 988 1397 1037 deditus,

977 1047 1108 1093 Agnus
1140 1045 1179 1081 in
1213 1045 1335 1082 crucis
1365 1045 1515 1082 levatur

1031 1102 1285 1139 immolandus
1317 1102 1461 1149 stipite.

936 1245 944 1254 .
978 1216 1052 1253 Hic
1083 1221 1244 1261 acetum⁷
1279 1214 1342 1263 sel,
1376 1216 1535 1261 arundo,

1034 1279 1159 1320 sputa,
1193 1272 1303 1317 clavi,
1336 1273 1468 1309 lancea

976 1330 1072 1368 Mite
1105 1341 1241 1377 corpus
1273 1328 1503 1376 perforatur,

1035 1387 1199 1436 sanguis,
1232 1386 1334 1423 unda
1366 1384 1531 1433 profluit,

978 1444 1110 1493 Terra,
1143 1447 1293 1491 pontus,
1331 1448 1446 1489 astra,
1481 1444 1641 1480 mundus

1037 1512 1109 1548 quo
1140 1501 1317 1537 lavantur
1347 1498 1512 1538 flumine.

980 1614 1083 1652 Crux
1114 1613 1251 1659 fidelis,
1285 1614 1386 1650 inter
1416 1624 1546 1651 omnes

1036 1671 1151 1708 arbor
1182 1682 1255 1708 una
1288 1670 1438 1717 nobilis,

979 1728 1094 1765 Nulla
1124 1728 1239 1764 talem
1271 1727 1369 1764 silva
1400 1726 1549 1774 profert

1033 1784 1140 1833 flore,
1173 1783 1323 1831 fronde,
1356 1785 1537 1831 germine,

978 1842 1099 1879 Dulce
1129 1842 1272 1889 lignum
1306 1842 1416 1878 dulce
1448 1842 1554 1879 clavo

1037 1899 1147 1937 dulce
1177 1899 1326 1947 pondus
1358 1899 1561 1938 sustinens

979 2011 1110 2049 Flecte
1142 2024 1278 2058 ramos,
1313 2011 1428 2049 arbor
1458 2013 1547 2058 alta,

1034 2075 1142 2106 tensa
1171 2070 1259 2106 laxa
1292 2069 1437 2106 viscera

976 2127 1028 2164 Et
1058 2127 1162 2173 rigor
1191 2127 1377 2163 lentescat
1406 2126 1485 2174 ille,

1034 2194 1142 2231 quem
1177 2183 1283 2220 dedit
1312 2183 1503 2233 nativitas,

978 2240 1029 2279 Ut
1060 2240 1214 2287 superni
1246 2240 1416 2277 membra
1447 2240 1546 2288 regis

1032 2298 1122 2334 mite
1153 2297 1287 2334 tendas
1317 2296 1459 2344 stipite.

982 2410 1071 2448 Sola
1103 2411 1217 2458 digna
1247 2415 1288 2447 tu
1319 2408 1423 2447 fuisti

1034 2466 1135 2504 ferre
1166 2468 1328 2514 pretium
1362 2468 1504 2505 saeculi

976 2525 1104 2571 Atque
1134 2530 1284 2571 portum
1318 2534 1550 2571 praeparare

1034 2586 1147 2618 nauta
1179 2582 1318 2618 mundo
1350 2579 1547 2628 naufragQ

975 2639 1092 2684 Quem
1125 2648 1233 2675 sacer
1264 2649 1375 2675 cruor
1405 2637 1579 2684 perunxit

1034 2693 1138 2731 fusus
1169 2695 1256 2741 agni
1289 2704 1459 2741 corpore.

164 2795 290 2826 Pontif.
316 2806 379 2827 ms.
404 2780 626 2827 Pictaviense
653 2806 741 2827 saec.
768 2792 799 2827 8.
842 2796 925 2827 Cod.
952 2796 1102 2827 Parisin.
1128 2795 1250 2827 Arsen.
1277 2793 1352 2826 227.
1379 2795 1418 2825 Α.
1444 2811 1487 2815 -
1506 2794 1574 2825 Rit.
1593 2796 1637 2824 et.
