1785 3111
178 1281 247 1318 221.

177 1541 199 1577 :3
213 1551 246 1576 a.

178 1690 249 1725 4a.

180 1836 251 1872 52.

180 2096 252 2133 Ga.

182 2242 251 2279 7a.

921 77 1004 117 282

646 222 727 258 211.
764 223 821 265 (1).
859 222 1049 258 Precatio

1077 224 1126 258 ad
1150 224 1290 259 Deum.

414 326 484 374 Tu,
518 326 582 372 qui
614 327 660 363 de
691 327 809 363 nihilo
841 327 1021 372 mundum
1051 326 1208 364 finxisse
1238 329 1412 375 probaris
1444 349 1498 354 —

471 383 567 420 Nam
600 382 670 419 tibi
700 384 876 420 materies
909 385 1013 421 nulla
1045 395 1183 421 coaeva
1214 384 1285 421 fuit
1315 407 1370 410 —

413 439 465 476 Et
497 444 589 476 nutu
620 438 724 477 facili
755 445 843 477 noto
874 440 946 477 tibi
976 445 1148 489 tempore
1179 442 1315 487 solves,

471 496 564 532 Tam
597 497 775 535 diuturne
806 497 954 540 dehine,
987 508 1098 544 quam
1130 498 1234 544 prius
1263 498 1478 545 exstiteras,

410 553 620 598 Quantulas
653 553 714 589 hio
743 558 873 590 noster
903 554 1037 591 modus

1070 557 1140 600 est,
1173 565 1245 600 quo
1276 555 1427 591 saecula
1459 554 1561 591 volvi

467 608 559 646 Cum
594 610 768 656 vitiisque
798 610 905 647 iubes
936 615 1092 647 strenua
1122 611 1224 648 bella
1255 611 1358 658 geri!

414 666 553 712 Regem
587 666 772 703 militibus
804 667 971 715 propriis
1003 672 1040 704 te

1073 678 1221 713 semper
1253 668 1387 704 adesse

467 723 530 760 Ad
562 722 657 759 bene
690 725 912 762 certandum
943 735 1011 760 nos
1045 725 1255 771 vegetando
1287 724 1420 771 proba.

269 825 383 865 Opera
416 835 477 855 ms.
503 822 661 856 Fulberti
686 834 775 856 saec.
802 821 870 866 [12.
898 823 950 856 11.
976 826 1022 856 in.
1050 822 1097 866 et]
1125 823 1177 856 17.
1228 825 1310 856 Cod.
1337 825 1485 856 Parisin.
1514 821 1613 856 2872.
1638 824 1678 855 A.
1704 841 1748 845 —-

178 871 229 902 De
255 870 399 901 Villiers
425 869 483 901 fol.
514 867 622 901 1821).
648 871 686 901 Β.
713 887 756 891 —-

607 1038 688 1073 212.
723 1038 778 1077 (2).
816 1039 861 1072 In
888 1038 1113 1073 Nativitate
1139 1038 1317 1074 Domini.

724 1143 759 1181 1.
808 1141 951 1178 Sonent
984 1141 1065 1187 regi
1096 1146 1184 1178 nato

809 1209 909 1235 nova
940 1199 1101 1243 cantica,

292 1279 405 1316 Cuius
436 1284 546 1325 pater
576 1277 669 1314 feeit.
999 1277 1071 1315 2b.
1116 1277 1311 1314 Generans
1343 1278 1404 1314 hie
1434 1279 1554 1315 nescit

288 1335 425 1383 omnia,
1113 1333 1303 1383 feminam,

289 1397 410 1429 mater
441 1397 498 1428 est
1110 1391 1178 1427 illa
1210 1396 1265 1427 est

290 1449 396 1496 virgo
428 1448 698 1487 sacratissima.
1113 1449 1193 1484 sine
1224 1449 1305 1484 viro
1337 1448 1510 1494 gravida.

289 1539 470 1587 Verbum,
505 1539 620 1576 corde
652 1539 773 1585 patris
997 1538 1072 1577 3b.
1113 1539 1234 1576 Alvus
1267 1539 1399 1575 matris
1429 1539 1563 1585 prodit

289 1596 455 1643 genitum
486 1601 573 1632 ante
605 1596 769 1643 saecula,
1112 1600 1353 1641 corporatum
1385 1600 1470 1642 post
1501 1600 1689 1642 tempora.

292 1687 321 1724 Ο
353 1687 450 1723 mira
475 1686 660 1735 genitura,
997 1685 1070 1723 4b.
1113 1686 1142 1723 O
1175 1685 1301 1731 proles
1334 1685 1510 1731 gloriosa,

290 1755 312 1780 o
343 1743 532 1789 stupenda
563 1743 766 1780 nativitas!
1110 1742 1313 1778 humanata
1346 1742 1549 1778 divinitas!

293 1833 356 1870 Sic
386 1838 423 1869 te
453 1833 699 1877 nasciturum,
1000 1833 1071 1871 5b.
1114 1832 1176 1869 Sic
1207 1837 1244 1868 te
1275 1832 1420 1869 oriente

290 1889 346 1927 fili
378 1890 460 1936 Dei,
1113 1889 1247 1925 laudes
1279 1889 1349 1925 tibi
1614 1902 1631 1913 -

292 1950 397 1983 vates
429 1951 492 1983 tuo
524 1946 625 1983 docti
1113 1949 1279 1993 cantant,
1313 1956 1446 1991 pacem
1476 1945 1593 1982 terris

292 2002 431 2050 spiritu
462 2003 650 2040 dixerant.
1111 2003 1236 2049 angeli
1267 2002 1454 2040 nuntiant.

293 2094 496 2131 Elementa
1001 2093 1073 2131 eb.
1117 2094 1254 2131 Omnes
1287 2094 1408 2129 sancti

292 2151 418 2188 vultus
450 2151 678 2196 exhilarant,

291 2241 523 2278 Clamando:

294 2297 406 2334 Salve
437 2308 581 2344 nosque
612 2298 731 2345 salva,

1113 2150 1321 2198 gaudentes
1352 2149 1515 2186 iubilant

1005 2242 1025 2278 7
1040 2241 1076 2279 b.
1119 2240 1251 2277 Deitas

1115 2298 1153 2333 in
1185 2296 1357 2342 personis
1388 2296 1501 2340 trina,

725 2379 762 2416 8.
811 2377 981 2424 Simplex
1012 2378 1107 2416 usia.

270 2490 373 2530 Trop.
404 2499 466 2520 ms.
492 2490 739 2521 &Vintoniense
765 2500 854 2521 saec.
884 2487 969 2521 ¹⁰l11.
1020 2489 1103 2521 Cod.
1129 2490 1298 2519 Oxonien,
1328 2487 1425 2518 Bodl.
1451 2485 1527 2518 775.
1553 2486 1629 2518 add.
1655 2497 1745 2519 saec.

184 2534 234 2566 11.
261 2535 300 2565 A.
326 2552 370 2555 —
393 2535 497 2576 Trop.
531 2545 592 2566 ms.
621 2536 863 2566 wintoniense
897 2545 987 2566 saec.
1015 2534 1066 2566 11.
1116 2534 1187 2565 Cod
1226 2532 1312 2564 Con.
1339 2533 1441 2574 Corp.
1468 2532 1599 2564 Christi
1621 2531 1746 2564 Canta-

180 2580 326 2619 brigien.
360 2577 438 2611 473.
472 2581 511 2611 Β.
538 2597 580 2601 —
606 2581 709 2622 Trop.
744 2591 806 2611 ms.
843 2582 1055 2612 Carnotense
1091 2589 1178 2610 saec.
1216 2576 1265 2609 13.
1315 2577 1398 2610 Cod.
1425 2577 1581 2618 Angelie.
1615 2578 1645 2608 D
1671 2579 1702 2607 V
1727 2575 1748 2608 3

179 2623 282 2663 (435),
301 2625 338 2657 C.
356 2642 400 2645 —
417 2625 523 2657 Grad.
548 2636 609 2655 ms.
629 2627 885 2666 Rotomagense
903 2636 992 2657 saec.
1013 2624 1063 2656 14.
1107 2624 1188 2656 (3οεὶΔ
1209 2624 1357 2654 Parisin.
1376 2620 1452 2654 905.
1476 2625 1514 2653 D.
1531 2639 1573 2643 —
1592 2622 1748 2664 Sequent

182 2674 215 2701 et
244 2669 359 2711 hymn.
387 2680 448 2701 ms.
475 2670 758 2703 Emmeramense
785 2681 875 2702 saec,
904 2669 990 2702 ¹⁵l1e.
1039 2670 1114 2701 Clm
1150 2670 1330 2700 Monaeen.
1360 2666 1487 2699 14667.
1513 2668 1554 2699 Ε.
1580 2685 1624 2688 -
1648 2669 1745 2699 Miss.

181 2726 244 2746 ms.
281 2715 544 2747 Silvanectense
577 2726 665 2747 saec.
701 2715 751 2747 15.
801 2716 883 2748 Cod.
920 2715 1195 2756 Sangenovefen.
1231 2714 1309 2744 ssssl.
1347 2711 1384 2744 11
1416 2713 1491 2744 Fol.
1514 2711 1615 2752 (1021.
1641 2714 1677 2744 F.
1704 2730 1747 2733 —

181 2761 365 2837 glisswgsb.
392 2762 647 2802 Rotomagense
674 2772 762 2793 saec.
792 2760 842 2793 15.
885 2762 967 2794 Cod.
993 2762 1118 2792 Portus
1136 2760 1279 2792 Gratiae
1304 2756 1379 2789 325.
1399 2758 1438 2790 G.
1457 2775 1500 2778 —
1526 2759 1578 2789 De
1603 2758 1746 2790 Villiers
