1785 3111
763 77 1070 117 -526—

166 191 201 229 7.
251 191 314 228 Pia
346 196 503 228 naturae
534 190 694 238 pignora
956 193 1019 233 10.
1067 192 1141 229 Hic
1172 196 1228 229 est
1258 196 1371 239 typus
1402 193 1591 239 altarium,

305 247 435 294 Gignit
467 257 512 284 ex
543 257 656 284 carne
690 248 838 295 genitus
1124 250 1289 295 Quorum
1322 249 1392 286 hoc
1422 259 1510 287 aere
1541 249 1697 296 regitur,

305 303 473 341 Affectus
503 304 597 340 istos
628 305 803 352 gemitus,
1123 305 1224 342 Illud
1257 316 1301 342 ex
1333 316 1426 342 auro
1456 305 1612 353 legitur3

249 360 464 397 Praesentis
495 360 596 397 inter
624 371 788 408 aequora
913 356 916 359 ’
1065 363 1111 399 In
1140 362 1213 399 isto
1245 361 1471 399 sacrificium

247 416 356 453 Vitae
387 417 493 463 pacis
525 417 574 454 ad
604 417 733 455 littora
1066 418 1286 455 Immolatur
1317 419 1535 464 carnalium,

305 472 478 520 Suspirat
509 474 547 510 in
576 473 634 511 his
666 474 834 521 spiritus.
1123 475 1166 511 In
1196 475 1262 512 illo
1294 480 1353 512 tus
1384 475 1613 514 incenditur.

164 609 199 646 8.
247 608 309 645 Sic
340 620 414 646 non
447 609 494 646 de
526 619 637 646 carne
669 608 821 658 femina,
949 610 1013 650 11.
1060 609 1250 646 Debemus
1283 610 1500 656 diligentius

305 666 380 703 Sed
423 666 469 702 de
501 671 605 703 costa
635 667 874 713 producitur,
1119 666 1229 703 Hunc
1257 670 1474 703 sanctorum
1496 665 1695 703 affectuum

303 721 395 759 Cum
426 723 588 759 animale
620 723 763 770 regitur
1119 723 1276 760 Modum
1310 733 1465 760 servare
1496 729 1664 760 mutuum

244 779 278 815 A
310 779 456 815 ratione
488 780 652 825 domina,
1067 779 1172 816 Sicut
1203 791 1274 817 axa
1304 779 1491 826 superius,

245 835 358 873 Cuius
392 846 474 872 cum
505 836 622 873 siccat
652 836 804 881 lumina,
1070 835 1162 873 Cum
1193 836 1350 873 haberet
1381 834 1554 883 inferius,

303 891 399 929 Caro
430 903 499 940 pro
531 896 635 930 costa
666 893 854 933 redditur.
1126 892 1352 940 Suspirabat
1381 893 1577 940 irriguum.

169 1029 205 1066 9.
249 1028 292 1064 In
326 1027 395 1064 hac
427 1028 529 1065 scala
565 1028 839 1066 descendentes
957 1029 1022 1067 12.
1070 1028 1172 1076 Ergo
1202 1028 1338 1065 chorus
1370 1029 1552 1066 ecclesiae

304 1085 377 1122 Per
419 1085 558 1131 gradus
590 1085 669 1121 eius
700 1085 883 1132 mysticos
1125 1086 1262 1122 Poenis
1295 1085 1387 1122 assit
1417 1085 1650 1135 medullitus,

306 1140 429 1187 Super
459 1152 591 1188 greges
622 1142 804 1179 erraticos
1125 1142 1223 1187 Quas
1256 1142 1346 1178 vicit
1376 1148 1521 1188 martyr
1545 1141 1699 1179 inclitus

249 1197 298 1234 Et
330 1198 466 1234 iterum
498 1199 746 1236 ascendentes
1070 1198 1387 1244 Congratulemur
1417 1199 1570 1247 gloriae,

251 1254 512 1300 Contemplari
543 1255 629 1305 piae
660 1259 803 1292 mentes
1070 1256 1150 1300 Qua
1181 1255 1366 1303 gloriatur
1396 1255 1508 1292 hodie

310 1312 439 1349 Solent
471 1312 571 1347 cives
602 1312 805 1359 angelicos.
1129 1312 1259 1348 Victor
1288 1312 1327 1348 in
1358 1312 1471 1348 astris
1505 1312 1665 1358 positus.

229 1445 293 1487 Ep.
320 1447 396 1477 XX.
422 1463 466 1466 —
491 1446 531 1478 G.
557 1446 598 1477 de
624 1447 808 1478 Basochiis
841 1446 969 1478 dilecto
1004 1457 1065 1478 suo
1090 1447 1205 1478 Petro.
1233 1463 1271 1467 —
1301 1444 1459 1481 Schluss:
1491 1446 1611 1487 „Unde
1641 1457 1701 1488 pro

139 1491 261 1522 solacii
292 1491 517 1529 detrimento,
554 1492 642 1533 quod
679 1496 797 1523 mutuo
832 1492 934 1524 nobis
970 1492 1053 1523 facit
1086 1492 1265 1530 absentia,
1298 1492 1497 1523 redimendo
1532 1491 1573 1524 de
1598 1492 1700 1524 beato

137 1536 270 1567 Thoma
284 1547 373 1567 novo
389 1541 539 1578 martyre
553 1538 690 1569 noviter
703 1538 833 1569 editum
848 1547 986 1569 carmen
1001 1538 1171 1579 epistulae
1183 1538 1248 1569 tibi
1259 1537 1437 1569 dedicatae
1448 1536 1648 1569 subnecto‘⁴.
1663 1555 1702 1559 —

463 1738 546 1774 361.
584 1738 664 1780 (18.)
699 1739 828 1774 Recta
854 1740 1080 1775 monentem
1106 1740 1361 1783 sequendum.

139 1867 173 1904 1,
221 1864 395 1910 Quisquis
427 1865 585 1902 consilia
958 1869 994 1906 3.
1043 1867 1173 1903 Talem
1204 1878 1263 1904 me
1295 1865 1417 1905 fateor

278 1928 382 1958 recta
412 1922 612 1960 monentis.
926 1966 931 1971 ,
1097 1934 1185 1972 ergo
1219 1923 1346 1970 fuisse,

226 1978 411 2014 Perverse
441 1978 619 2024 prohibet
1041 1979 1110 2025 Qui
1142 1985 1179 2016 te
1210 1981 1371 2017 sustinui

280 2034 421 2071 lumina
452 2035 610 2083 mentis,
1097 2036 1324 2086 deseruisse,

222 2091 293 2127 Est
324 2101 412 2137 ergo
445 2089 614 2128 funditus
1038 2092 1216 2129 Infirmus
1247 2093 1394 2130 medico

279 2148 341 2194 qui
373 2148 555 2194 sapientis
1098 2153 1205 2196 terga
1236 2149 1400 2195 dedisse,

225 2204 441 2241 Contemnit
472 2204 632 2241 stolidus
1040 2205 1111 2252 Qui
1142 2216 1230 2242 vere
1256 2210 1408 2252 poteras

278 2260 378 2297 iussa
411 2261 609 2298 medentis.
1098 2262 1344 2302 consuluisse.

139 2398 175 2434 2.
224 2395 422 2432 Nolentem
454 2397 592 2433 medici
954 2401 993 2439 4.
1040 2398 1097 2435 Tu
1127 2408 1186 2435 me
1218 2398 1366 2435 consilii

279 2452 379 2489 iussa
412 2452 538 2490 subire
1097 2455 1180 2491 luce
1210 2465 1377 2503 serenus,

216 2507 415 2545 -Infirmum
446 2510 581 2546 merito
1041 2511 1158 2548 Dives
1189 2511 1293 2548 cuius
1325 2521 1427 2547 eram

280 2568 428 2602 constat
457 2565 575 2611 obire,
1097 2568 1233 2604 mentis
1265 2577 1414 2614 egenus,

224 2620 298 2665 Sic,
330 2621 393 2667 qui
425 2622 621 2659 consilium
1041 2623 1271 2670 Castigando
1301 2623 1374 2659 tuis

279 2677 425 2724 spernit
455 2678 563 2726 inire,
1099 2681 1232 2717 doctor
1262 2690 1439 2716 amoenus

215 2734 401 2771 Censetur
432 2735 577 2781 pariter
1043 2736 1227 2774 Certabas
1258 2736 1410 2772 monitis

277 2790 358 2827 iure
389 2791 528 2837 perire.
1096 2792 1258 2830 reddere
1290 2790 1434 2830 foenus.
