1785 3111
770 43 1077 83 —338—

428 160 494 197 13.
540 157 703 195 Accedit
732 157 901 204 Maurus,
933 157 1163 206 Honoratus,
1196 155 1387 201 Placidus,

541 214 592 251 Et.
623 215 903 260 Constantinus,
938 213 1102 250 Faustus
1133 219 1170 249 et
1201 212 1429 260 Simplicius,

541 270 660 307 Beato
691 271 797 307 Patri
828 281 956 307 omnes
986 270 1041 307 ita
1071 269 1260 307 referunt:

541 327 640 372 Quos
672 327 725 363 sic
755 327 919 375 miraris,
951 337 997 363 ex
1028 327 1165 364 Casino
1196 326 1407 373 prodeunt,

537 384 616 420 Hos
648 384 833 430 expolivit
862 389 992 422 noster
1022 383 1257 421 DesideriuS.

433 488 497 527 14,
546 486 615 523 Cui
646 489 754 531 pater
782 484 901 520 almus
932 488 1057 531 grates
1088 483 1164 521 fert
1192 484 1407 521 innumeras

541 543 665 588 Eique
697 541 810 587 digna
840 542 1009 587 praemia
1040 542 1272 590 pronuntiat,

539 600 745 636 Auctorem
777 608 902 634 rerum
934 599 1097 635 omnium
1130 597 1357 646 expostulat,

542 656 594 693 Ut.
624 656 661 691 in
694 665 858 701 superna
888 656 1105 702 angelorum
1137 654 1257 702 gloria

541 712 624 749 Sibi
656 722 738 748 cum
770 711 836 748 illo
868 713 1104 759 congaudere
1134 712 1259 748 liceat.

433 815 497 853 15.
544 815 649 851 Inter
679 813 772 849 haec
802 812 909 850 vobis
941 812 1137 860 Seraphim
1171 812 1349 849 micantia

545 872 705 909 Sanctus
737 874 771 906 et
803 875 966 916 sanctus,
997 873 1148 906 sanctus
1171 869 1444 915 proclamantia

545 927 827 965 inaestimanda
859 925 1060 963 conferunt
1090 926 1273 974 tripudia,

545 984 688 1021 Canere
718 983 850 1020 iubent
881 984 1109 1020 canticorum
1144 983 1302 1030 cantica,

544 1041 595 1079 Ut
626 1040 694 1076 illa
724 1044 858 1086 quater
888 1041 1045 1087 triginta
1075 1050 1141 1076 sex
1172 1040 1288 1079 milia.

432 1143 497 1182 16.
545 1142 821 1179 Citharizantes
853 1142 999 1179 cantico
1030 1142 1199 1188 virgineo

543 1198 735 1235 Decenter
764 1210 859 1245 agno
890 1198 1054 1246 psallitis
1085 1209 1288 1246 purpureo,

546 1255 728 1292 Laudatis
761 1266 841 1291 eum
874 1256 912 1291 in
945 1255 1059 1292 choro
1090 1260 1126 1292 et
1156 1259 1349 1303 tympano,

547 1312 716 1349 Cantatis
749 1312 782 1348 ei
813 1312 850 1348 in
883 1312 1036 1349 chordis
1068 1317 1105 1349 et
1135 1323 1288 1359 organo,

540 1368 657 1406 ‘Caeli
689 1376 888 1415 terraeque
918 1369 1088 1406 iubilatis
1120 1369 1294 1406 Domino.

435 1471 500 1508 17.
547 1471 661 1509 Cuius
694 1470 815 1507 effecti
846 1471 988 1517 gloriae
1019 1470 1236 1519 participes,

542 1529 635 1575 Iam,
670 1538 815 1573 precor,
849 1528 930 1564 sitis
961 1528 1034 1564 mei
1066 1537 1216 1573 semper
1247 1537 1446 1575 memores,

543 1584 605 1621 Sic
637 1595 718 1620 eum
751 1584 840 1620 mihi
874 1584 988 1621 facite
1018 1584 1258 1631 placabilem,

542 1641 594 1678 Ut
627 1652 684 1676 me
718 1641 894 1687 dignetur
923 1641 1070 1688 superis
1103 1641 1338 1687 coniungere,

542 1698 655 1736 Unde
687 1709 753 1735 vos
784 1698 924 1744 possim
956 1698 1014 1734 vel
1047 1698 1156 1744 longe
1187 1697 1391 1743 respicere.

252 1809 472 1850 Martinengo
498 1809 520 1839 1.
547 1820 574 1839 c.
602 1820 632 1850 p.
662 1808 724 1840 ΓῙῠι
750 1820 823 1850 sqq.
850 1827 893 1829 μ
918 1807 949 1847 2,
978 1807 993 1839 1
1022 1810 1061 1840 Ι11
1087 1810 1199 1840 uobis.
1218 1827 1260 1829 —
1278 1807 1308 1845 6,
1337 1807 1351 1839 1
1379 1809 1463 1850 quid
1484 1819 1572 1839 cum.
1590 1824 1634 1827 —
1650 1804 1682 1844 6,
1701 1803 1720 1837 5

166 1855 428 1896 praeferrentur.
459 1871 498 1875 —
523 1855 560 1891 ὅ,
593 1854 613 1886 ἔῖῖ
639 1855 865 1894 Conseriptis.
890 1872 935 1875 -—
960 1852 990 1892 9,
1017 1852 1037 1885 ‘2
1062 1855 1133 1886 Vos
1159 1855 1272 1886 oderis
1301 1880 1307 1886 .
1334 1880 1341 1886 .
1369 1878 1375 1884 .
1401 1854 1520 1885 tudine
1548 1878 1553 1883 .
1582 1876 1588 1883 .
1615 1876 1622 1882 .
1649 1854 1720 1883 tras

165 1900 338 1931 mundule.
365 1919 397 1921 —
435 1898 484 1937 1⁴5,
511 1897 531 1930 3
558 1902 615 1932 Sic
644 1904 714 1931 tum
742 1900 834 1930 mihi.
862 1917 906 1920 -
926 1901 979 1930 Da
1003 1900 1115 1931 dieser
1135 1901 1291 1941 Hymnus
1309 1901 1364 1931 bei
1382 1900 1603 1939 Martinengo
1622 1900 1722 1928 unter

165 1946 229 1976 den
257 1944 408 1976 &Verken
435 1945 493 1976 des
520 1945 700 1986 Alphanus
727 1945 835 1982 steht,
871 1945 1006 1976 belassc
1032 1945 1088 1975 ich
1114 1946 1174 1976 11111
1199 1946 1257 1981 da,
1289 1957 1340 1976 wo
1367 1945 1419 1976 ioh
1447 1945 1506 1975 ihu
1531 1943 1637 1981 finde,
1663 1943 1721 1974 ob-

161 1990 266 2021 sehon
296 1991 433 2022 Zvveifel
461 2000 503 2021 an
532 1992 645 2021 seiner
662 1991 826 2021 Eehtheit
852 2001 916 2021 nur
941 2001 983 2021 zu
1008 1991 1200 2031 begriiudet.
1225 1991 1313 2029 sind,
1339 1992 1382 2022 da
1409 1992 1470 2021 xvir
1497 1992 1593 2021 sonst
1617 1988 1720 2020 keine

161 2035 419 2077 rhythmischen
446 2036 667 2077 Dichtungen
692 2047 760 2067 von
787 2035 966 2077 Alphanus
993 2035 1140 2067 kennen.
