1785 3111
486 717 722 770 Orricus
762 717 1220 781 ScacabarotiUS,

511 834 839 882 Archipresbyter
868 833 1183 882 Mediolanensis,

759 899 785 951 †
818 902 940 942 1293.

157 1027 243 1059 WVas
268 1037 333 1058 uns
360 1027 447 1058 iiber
471 1026 527 1058 die
544 1025 881 1058 Lebensschicksale
899 1026 1013 1057 dieses
1031 1025 1194 1057 Dichters
1213 1026 1369 1058 bekannt
1389 1027 1444 1065 ist,
1471 1026 1560 1058 habe

68 1072 238 1104 Analecta
261 1073 347 1104 XIV
372 1073 410 1111 b,
445 1071 478 1103 S.
507 1070 569 1104 149
597 1082 646 1113 sq.
682 1072 877 1113 mitgeteilt.
926 1072 1096 1113 Beifiigen
1129 1072 1264 1104 mochte
1299 1072 1355 1103 ich
1388 1083 1431 1104 zu
1457 1072 1533 1104 dem
1559 1072 1637 1104 dort

67 1118 244 1159 Gesagten
267 1127 342 1155 nur,
369 1117 446 1149 dass
471 1117 545 1149 sich
570 1121 671 1149 unter
695 1117 762 1148 den
786 1117 982 1149 Urkunden
1008 1117 1117 1158 Papst
1141 1117 1342 1149 Alexander
1366 1118 1426 1149 IV.
1453 1119 1530 1150 eine
1556 1129 1636 1149 vom

67 1161 120 1195 25.
145 1163 245 1195 Febr.
275 1160 360 1195 1256
386 1163 550 1206 datierte,
586 1163 859 1195 Scaccabarozzi
884 1162 1093 1195 betreffende
1119 1163 1288 1201 befindet,
1320 1163 1450 1195 welche
1476 1163 1547 1201 ihn,
1577 1165 1636 1195 ob·

67 1209 174 1240 sehon
221 1219 258 1240 er
306 1208 436 1241 bereits
476 1209 605 1240 Probst
643 1219 713 1240 von
754 1208 824 1240 San
864 1209 1017 1240 Nazario
1058 1209 1095 1239 in
1137 1209 1257 1240 Brolio
1300 1210 1368 1247 sei,
1418 1209 1637 1251 ermachtigt,

69 1254 364 1295 „Forisdecanatu
389 1257 423 1286 et
448 1254 647 1295 praebenda
673 1255 709 1285 in
735 1254 882 1286 ecclesia
901 1255 1111 1292 Brivatensi‚
1139 1255 1436 1286 Claromontensis
1454 1255 1636 1293 dioecesis,

66 1301 254 1342 resignatis
289 1310 359 1331 non
394 1300 616 1332 obstantibus
650 1298 948 1341 quibuscumque“
976 1299 1103 1331 andere
1128 1300 1324 1332 Beneficien
1351 1302 1387 1331 in
1412 1301 1526 1332 seiner
1551 1302 1636 1332 mai-

65 1344 271 1377 liindischen
306 1346 456 1377 Diozese
491 1356 534 1376 zu
574 1345 805 1377 kumulieren.
871 1346 949 1387 Vgl.
990 1345 1058 1376 Les
1100 1344 1264 1387 registres
1301 1346 1536 1378 d'Alexandre
1574 1347 1634 1377 IV.

66 1389 222 1433 publices
248 1399 311 1432 par
335 1391 372 1423 C.
398 1391 526 1423 Bourel
552 1391 594 1422 de
620 1391 654 1422 la
678 1389 847 1422 Rouciere
873 1395 938 1422 etc.
964 1401 996 1431 p.
1023 1387 1099 1429 334,
1126 1402 1158 1421 n.
1188 1389 1284 1423 1116.

157 1436 212 1468 An
238 1436 299 1468 der
324 1436 571 1468 bezeichneten
589 1436 697 1469 Stelle
715 1436 775 1467 der
792 1436 963 1468 Analecta
980 1437 1027 1467 ist
1044 1436 1178 1467 sodann
1195 1438 1323 1469 bereits
1343 1437 1633 1469 Scaccabarozzis

64 1483 172 1514 Liber
197 1481 397 1514 Officiorum
430 1481 540 1514 ediert
572 1482 722 1514 worden.
770 1481 887 1514 Einen
912 1481 1090 1523 Nachtrag
1123 1493 1165 1513 zu
1196 1483 1396 1514 demselben
1430 1483 1539 1514 bildet
1572 1483 1633 1514 das

66 1529 114 1559 im
136 1527 323 1570 folgenden
347 1528 507 1560 erstmals
533 1528 740 1569 publizierte
759 1527 919 1559 Officium
944 1527 1004 1558 des
1030 1527 1075 1559 hl.
1095 1528 1217 1560 Ulrich
1236 1529 1299 1559 mit
1316 1528 1382 1560 den
1401 1528 1634 1571 zugehorigen

66 1574 230 1615 Hymnen
261 1573 332 1605 und
363 1573 423 1605 der
457 1573 754 1614 eingeschalteten
787 1573 955 1615 Sequenz.
1006 1574 1072 1605 Die
1106 1573 1279 1605 Kenntnis
1312 1574 1425 1606 dieses
1454 1574 1633 1606 Officiums

65 1618 243 1651 verdanke
268 1618 325 1650 ich
351 1620 447 1651 einer
470 1620 561 1651 Note
586 1620 623 1650 in
647 1618 816 1650 wilhelm
841 1620 980 1659 Meyers
1007 1619 1265 1651 Gesammelten
1291 1620 1569 1662 Abhandlungen
1588 1620 1633 1658 Π,

68 1663 150 1706 119;
175 1663 231 1696 die
255 1664 436 1697 Abschrift
460 1674 522 1696 aus
548 1664 631 1696 Cod.
658 1664 877 1696 Ambrosian.
905 1665 932 1695 P
961 1662 1022 1695 165
1050 1675 1125 1706 sup.
1152 1666 1266 1696 Herrn
1292 1666 1407 1707 Georg
1424 1665 1508 1704 Fell,
1536 1665 1569 1697 S.
1595 1666 1633 1703 I.,

65 1710 308 1742 Poenitentiar
333 1720 388 1741 am
413 1711 524 1742 Dorne
546 1720 589 1741 zu
613 1710 781 1741 Mailand.
830 1711 903 1741 Das
929 1709 1090 1742 Officium
1116 1711 1162 1741 ist
1187 1711 1240 1742 fiir
1265 1711 1320 1742 die
1346 1711 1567 1742 Humiliaten
1592 1722 1634 1742 zu

65 1756 178 1787 Pavia
211 1756 259 1786 im
290 1756 400 1788 Jahre
426 1753 514 1787 1282
545 1755 707 1794 verfasst,
741 1756 806 1786 wie
838 1755 894 1787 die
926 1755 1088 1797 folgende
1122 1757 1158 1787 in
1189 1756 1250 1787 der
1275 1757 1339 1788 Hs.
1374 1757 1450 1788 dem
1476 1756 1636 1789 Officium

67 1801 266 1843 beigefiigte
292 1801 430 1843 Epistel
454 1801 652 1833 bekundet:

157 1846 321 1888 Epistola
357 1847 401 1878 ad
436 1848 674 1888 praepositum
708 1846 934 1885 Michaelem,
973 1847 1015 1878 ad
1052 1856 1172 1888 preces
1211 1847 1311 1879 cuius
1342 1847 1490 1879 domnus
1524 1848 1639 1879 archi-

67 1892 250 1934 presbyter
274 1892 494 1934 eompillavit
518 1893 585 1924 hoc
610 1903 707 1934 opuS.

157 1937 243 1969 Viro
276 1938 544 1980 religiosissimo
577 1941 611 1969 et
643 1948 705 1969 suo
736 1937 948 1979 praedilecto
980 1938 1017 1968 in
1043 1937 1182 1969 Christo
1218 1939 1350 1977 amico,
1382 1938 1509 1970 domno
1535 1939 1633 1969 fratri

66 1982 214 2014 Micha
227 1983 305 2022 eli,
332 1985 531 2025 praeposito
558 1984 718 2015 Domus
744 1984 892 2015 Novae
916 1983 1010 2015 ultra
1026 1984 1190 2015 Ticinum
1206 1983 1472 2025 Papiensis,
1500 1984 1631 2015 ordinis

67 2028 438 2068 Humiliatorum,
475 2028 617 2060 Orricus
655 2029 939 2067 Scaeabarotius,
979 2032 1120 2060 sanctae
1151 2029 1426 2061 Mediolanensis
1465 2029 1634 2061 ecclesiae

68 2073 359 2116 archipresbyter,
387 2085 423 2106 se
447 2076 562 2116 ipsum
590 2085 666 2106 cum
693 2075 816 2106 salute.
866 2074 1035 2112 Quamvis
1058 2073 1308 2106 insufficientes
1327 2076 1481 2116 cogitare
1500 2074 1633 2114 aliquid

68 2129 89 2151 a
113 2120 216 2151 nobis
240 2121 342 2162 quasi
365 2130 407 2152 ex
422 2121 525 2152 nobis
543 2120 587 2152 ad
604 2120 874 2162 compillandam
892 2120 986 2152 beati
1004 2120 1156 2152 Odelrici
1173 2119 1357 2151 historiam
1375 2129 1438 2151 nos
1456 2121 1634 2159 sciremus,

68 2163 279 2197 confidentes
311 2168 427 2198 tamen
460 2165 501 2198 de
526 2167 595 2198 Dei
625 2165 884 2203 misericordia,
918 2166 978 2207 qui
1009 2165 1067 2196 dat
1102 2166 1263 2197 omnibus
1297 2165 1478 2197 affluenter
1506 2169 1540 2196 et
1564 2176 1635 2196 non

67 2211 281 2252 improperat
320 2221 385 2243 nec
423 2221 494 2243 non
534 2211 576 2243 de
616 2212 749 2243 meritis
789 2211 936 2252 gloriosi
976 2211 1184 2241 confessoris
1222 2210 1375 2242 Odelrici
1415 2210 1458 2242 ad
1493 2221 1634 2252 precum

67 2258 263 2288 vestrarum
296 2257 501 2288 instantiam
533 2267 594 2298 pro
620 2256 760 2288 modulo
784 2259 926 2287 nostrae
952 2257 1119 2287 scientiae
1145 2256 1332 2297 perfectam
1356 2255 1540 2287 historiam
1565 2260 1636 2299 tam

66 2302 105 2333 in
129 2301 317 2334 dictamine
344 2312 448 2344 quam
474 2303 510 2333 in
535 2306 639 2334 cantu
664 2302 901 2334 laboravimus
928 2304 961 2332 et
988 2301 1183 2332 studuimus
1209 2301 1412 2343 compillare
1429 2301 1471 2332 de
1488 2301 1637 2343 legenda

67 2348 179 2388 ipsius
212 2357 325 2388 pauca
349 2348 392 2379 de
416 2347 554 2385 multis,
586 2347 712 2389 quibus
738 2348 813 2388 ipse
839 2346 1126 2378 commendabilis
1151 2346 1322 2384 redditur,
1354 2346 1577 2388 decerpentes
1603 2350 1637 2379 et

69 2393 139 2433 ipsi
176 2391 344 2424 historiae
377 2393 586 2432 inserentes,
618 2402 723 2434 quam
752 2395 891 2424 vestrae
920 2392 1101 2423 dilectioni
1127 2402 1187 2434 per
1217 2392 1363 2424 latorem
1389 2393 1639 2434 praesentium,

67 2440 226 2469 nostrum
263 2437 470 2469 familiarem
508 2448 585 2469 cum
622 2437 768 2479 legenda
804 2438 915 2479 ipsius
952 2437 1114 2469 duximus
1150 2437 1410 2475 destinandam,
1450 2439 1563 2479 parati
1599 2440 1636 2470 in

69 2482 312 2515 consimilibus
349 2486 384 2515 et
419 2483 501 2515 aliis
538 2494 673 2525 semper
710 2483 753 2514 ad
789 2486 906 2514 vestra
943 2483 1163 2524 beneplacita
1200 2486 1234 2514 et
1265 2483 1440 2515 mandata.
1499 2484 1635 2515 Vestris

67 2529 287 2560 orationibus
323 2539 387 2560 nos
420 2528 664 2570 multipliciter
695 2528 1025 2560 recommendamus.
1075 2529 1169 2560 Data
1201 2528 1393 2560 Mediolani
1426 2529 1482 2560 die
1509 2530 1634 2561 Martis

66 2573 200 2606 XXIII.
225 2575 356 2606 mensis
381 2574 658 2607 MCCLXXXIL

163 2617 234 2651 Vor
258 2619 336 2652 dem
362 2619 523 2652 Officium
549 2620 606 2652 die
627 2620 734 2652 Note:
764 2620 912 2661 „Incipit
937 2618 1098 2658 officium,
1129 2619 1221 2661 quod
1246 2620 1466 2661 compillavit
1489 2620 1635 2652 domnus

68 2665 254 2697 Orricus
280 2665 657 2704 Scacabarotius,
690 2665 963 2697 Mediolanensis
990 2665 1159 2697 ecclesiae
1183 2665 1472 2707 archipresbyter,
1501 2669 1571 2697 tam
1598 2666 1635 2696 in

67 2709 256 2743 dictamine
281 2720 386 2752 quam
410 2712 447 2742 in
472 2708 610 2743 cantu“.
