1785 3111
761 64 1073 106 —604—

134 182 201 220 21.
247 181 343 218 Nam
375 185 426 229 tu,
460 190 604 216 summa
636 178 788 226 caritaS‚

304 236 373 273 tibi
405 237 607 273 cohaerere

246 293 310 330 Me
341 292 495 330 volebas
526 292 663 339 iugiter

303 359 525 395 sursumque
555 349 696 386 habere

246 406 367 443 Dulce
399 405 629 442 domicilium

301 466 499 509 tecumque
529 472 681 499 manere

246 519 298 556 Et
319 530 377 556 nie
408 519 511 556 velut
542 518 657 555 filiam

303 576 418 623 alere⁷
452 576 600 615 docere.

133 701 199 739 22.
244 700 305 737 Ex
335 704 425 737 tunc
457 700 697 746 disposueras

303 767 361 793 me
393 756 608 793 coadunare

248 813 408 851 Caelicis
445 812 657 860 agminibus

302 874 413 916 teque
444 869 535 906 mihi
569 870 670 917 dare,

249 925 323 964 Sed
355 937 425 972 pro
456 930 561 963 tanta
592 925 714 972 gratia

305 983 395 1029 quid
426 992 715 1028 recompensare

247 1039 417 1078 Possum.
449 1049 604 1085 prorsus
636 1038 774 1088 nescio⁷

303 1095 375 1132 nisi
405 1100 442 1132 te
473 1105 612 1133 amare.

953 181 1017 218 23.
1066 179 1189 218 Unica
1219 179 1398 226 suavitas,

1121 235 1232 272 unica
1264 235 1438 283 dulcedo,

1065 291 1244 330 Cordium
1274 292 1480 329 amantium

1121 348 1299 386 salutaris
1331 349 1488 397 praedo,

1065 405 1214 454 Totum,
1251 405 1437 452 quidquid
1467 405 1587 443 habeo

1122 462 1182 498 vel
1213 472 1306 509 sum,
1339 462 1409 498 tibi
1441 462 1551 511 dedo,

1064 517 1237 564 Denique
1269 518 1482 565 depositum

1123 585 1244 611 meum
1276 575 1345 611 tibi
1378 576 1504 612 credo.

955 700 1020 738 24.
1068 699 1153 737 Oci
1187 702 1313 736 cantat
1343 699 1419 736 tale
1451 709 1515 736 cor

1123 755 1290 803 gaudens
1321 756 1360 792 in
1391 766 1584 803 pressura,

1066 812 1219 859 Dicens,
1251 812 1338 859 quia
1371 812 1526 860 dignum
1557 816 1624 863 est,

1121 873 1161 905 ut
1193 880 1215 906 a
1246 872 1420 906 creatura

1068 925 1260 972 Diligatur
1290 924 1421 972 opifex

1122 982 1209 1018 talis
1245 986 1369 1019 mente
1401 993 1509 1029 pura.

1067 1038 1116 1075 Ei
1148 1049 1229 1075 cum
1260 1039 1451 1076 exstiterit

1127 1096 1172 1132 de
1203 1105 1243 1132 se
1273 1100 1380 1132 tanta
1411 1106 1512 1135 cura.

584 1253 655 1290 III.
704 1252 894 1291 Cantus
935 1252 993 1290 ad
1031 1253 1257 1291 Primam.

138 1359 205 1396 25.
253 1356 316 1394 Sic
348 1366 450 1393 mens
483 1356 553 1392 hoc
583 1355 792 1392 diluculum

310 1413 447 1450 transit
479 1412 701 1449 meditando
715 1422 723 1459 3

253 1470 326 1508 Sed
349 1470 398 1507 ad
421 1470 449 1506 P
463 1470 584 1506 rima
595 1480 631 1505 m
652 1466 887 1505 transferens

310 1536 438 1563 vocem
471 1525 685 1573 exaltando.

252 1584 417 1629 Tempus
447 1582 683 1629 acceptabile

306 1640 371 1690 pie
402 1639 639 1687 ruminando,

252 1698 294 1734 In
327 1707 400 1743 quo
432 1696 535 1733 venit
567 1695 750 1732 Dominus

313 1763 425 1790 carne
456 1763 496 1789 se
527 1752 701 1791 velandO.

143 1878 208 1916 26.
256 1876 362 1914 Tunc
392 1877 566 1923 liquescit
596 1877 721 1914 anima

310 1937 389 1970 tota
419 1944 489 1980 per
519 1943 697 1981 amorem,

255 1989 400 2027 Pavida
432 1990 675 2026 considerans

312 2047 476 2083 omnium
508 2050 698 2083 auctorem

256 2102 475 2149 Vagientem
508 2113 665 2149 puerum

313 2159 418 2196 iuxta
449 2164 617 2196 nostrum
648 2169 802 2207 morem,

256 2216 308 2255 Ut
342 2220 491 2253 curaret
525 2220 690 2253 veterem

315 2273 457 2310 servuli
488 2273 720 2320 languorem.

148 2385 214 2422 27.
260 2385 423 2422 Plorans
455 2396 543 2432 ergo
575 2386 764 2422 clamitat:

318 2442 390 2489 dic,
425 2440 507 2478 fons
539 2442 706 2488 pietatis,

203 2526 208 2531 .
258 2498 348 2544 Quis
379 2503 417 2534 te
447 2499 582 2544 pannis
614 2499 738 2535 induit

315 2558 467 2591 nostrae
499 2553 765 2602 paupertatis?

260 2610 345 2647 Tibi
378 2610 459 2657 quis
491 2611 679 2647 consuluit

316 2667 370 2703 sic
400 2671 437 2703 te
470 2667 561 2704 dare
592 2667 722 2713 gratis,

259 2723 342 2760 Nisi
374 2723 476 2760 zelus
509 2723 722 2766 vehemens

316 2780 431 2817 ardor
464 2779 661 2830 caritatis?

960 1355 1024 1395 28.
1071 1354 1195 1401 Digne
1225 1354 1327 1391 zelus
1359 1355 1561 1392 vehemens

1127 1416 1182 1447 est
1214 1411 1276 1447 hic
1305 1411 1422 1448 ardor
1455 1412 1588 1462 dictus,

1073 1468 1186 1505 Cuius
1219 1472 1274 1504 est
1307 1468 1472 1505 dominio

1129 1535 1195 1561 rex
1227 1525 1415 1561 caelorum
1447 1525 1581 1573 victus,

1073 1581 1186 1618 Cuius
1218 1581 1358 1618 sanctis
1389 1581 1549 1619 vinculis

1130 1641 1262 1684 captus
1299 1642 1333 1674 et
1366 1638 1591 1676 constrictus

1073 1694 1258 1741 Pauperis
1289 1693 1466 1732 infantuli

1128 1751 1263 1798 pannis
1295 1754 1351 1788 est
1382 1751 1551 1792 amictus.

961 1877 1026 1914 29.
1074 1875 1103 1914 O
1136 1876 1352 1923 praedulcis
1384 1876 1554 1925 parvule,

1130 1943 1224 1979 puer
1255 1932 1335 1969 sine
1365 1932 1461 1979 pari,

1072 1989 1196 2035 Felix,
1231 1989 1290 2025 cui
1323 1989 1452 2026 datum
1483 1993 1539 2026 est

1128 2049 1165 2081 te
1196 2049 1286 2082 tunc
1316 2046 1538 2093 amplexari,

1075 2101 1211 2147 Pedes,
1246 2112 1377 2138 manus
1416 2102 1593 2152 lambere,

1133 2158 1180 2195 de
1210 2161 1247 2194 te
1280 2157 1479 2203 consolari,

1075 2214 1166 2251 Tuis
1198 2215 1236 2251 in
1267 2214 1458 2260 obsequiis

1133 2271 1270 2318 iugiter
1299 2271 1451 2308 morari.

966 2385 1031 2423 30.
1079 2383 1164 2421 Heu
1193 2394 1264 2432 me,
1298 2394 1364 2420 cur
1392 2394 1467 2421 non
1497 2383 1605 2420 licuit

1135 2441 1227 2477 mihi
1259 2440 1474 2477 demulcere

1079 2495 1305 2544 Vagientem
1336 2496 1546 2544 parvulum,

1136 2554 1298 2591 dulciter
1326 2557 1467 2600 tenere,

1080 2610 1171 2647 Illos
1203 2613 1307 2647 artus
1338 2613 1489 2645 teneros

1134 2666 1217 2703 sinu
1248 2663 1420 2702 refovere

1077 2722 1243 2769 Eiusque
1275 2721 1469 2759 cunabulis

1135 2788 1284 2825 semper
1314 2778 1494 2814 assidere.
