1785 3111
662 81 972 121 —169—

296 196 361 234 13.
394 196 469 233 Hic
498 195 568 233 sub
599 196 763 233 humana
793 196 920 245 specio
951 207 1154 233 coruscans

396 253 479 289 Vile
510 253 731 300 praesaepis
765 253 883 290 voluit
914 252 1038 289 cubile

395 310 528 356 Ferre,
561 321 633 357 quo
665 320 747 346 sese
780 310 872 347 dare
902 310 1095 346 nuntiaret

581 368 726 404 Pascua
756 371 901 414 pastor.

296 479 360 517 14.
397 478 572 516 Gaudeat
605 481 700 517 caeli
729 481 876 529 chorus,
910 484 952 517 ut
981 483 1131 517 creator

394 536 487 573 Eius
520 537 714 584 antiquum
746 548 941 574 numerum
973 540 1143 586 novaret,

392 593 480 639 Ipse
514 594 722 640 descendit,
756 595 868 631 simul
899 598 937 630 et
967 593 1172 640 superbum

583 651 779 688 Sterneret
808 650 968 689 hostem.

294 764 358 803 15.
392 765 512 802 Terra
542 765 705 801 laetetur
736 764 886 801 radiata
916 763 1013 800 tanti

393 821 563 859 Luminis
595 825 718 858 tractu
750 832 866 868 genus
898 823 935 856 et
966 819 1205 867 redemptum

395 878 493 916 Vota
521 878 687 925 gratanti
717 882 853 915 voveat
886 876 1058 924 feratque

584 935 723 972 Debita
758 937 896 974 mente.

299 1048 362 1088 16.
396 1043 564 1096 Christe,
596 1059 797 1095 regnorum
831 1049 1055 1095 dominator,
1089 1057 1185 1094 auge

395 1105 566 1152 Principi
596 1110 726 1142 nostro
759 1106 873 1143 decus
905 1109 943 1142 et
973 1105 1185 1153 triumphos

392 1161 487 1199 Eius
520 1168 557 1199 et
587 1162 733 1209 prolem
765 1162 860 1199 bene
893 1173 975 1200 cum
1008 1162 1148 1208 pudica

580 1219 746 1266 Coniuge
777 1220 895 1267 salva,

300 1332 362 1371 17.
397 1333 545 1379 Sponsa
573 1343 645 1379 quo
679 1331 771 1370 felix
803 1336 867 1370 tua
900 1333 968 1369 sub
1001 1332 1171 1379 patronis

394 1390 542 1427 Polleat
572 1389 686 1426 tantis
719 1389 854 1426 merito
885 1391 1043 1436 locoque

392 1446 637 1484 Praeminens
668 1447 808 1483 mundo
840 1451 1064 1493 maneatque
1094 1447 1207 1494 longa

580 1505 679 1541 Pace
709 1502 847 1541 fidelis.

294 1618 359 1655 18.
393 1616 555 1666 Christe,
589 1618 637 1654 da
668 1616 777 1654 nobis
808 1621 872 1653 tua
903 1617 1005 1653 iussa
1037 1627 1125 1653 vero

392 1674 519 1711 Corde
549 1674 688 1711 sectari
719 1674 829 1711 simul
862 1678 899 1710 et
930 1674 1051 1710 beatis

391 1731 554 1768 Actibus
585 1731 686 1769 vitae
717 1731 879 1769 nitidum
912 1730 1048 1767 mereri

581 1787 747 1825 Stemma
778 1788 971 1834 perennis.

295 1901 359 1939 19.
393 1902 566 1939 Praestet
597 1902 668 1938 hoc
699 1901 806 1938 nobis
842 1901 963 1938 deitas
995 1901 1108 1939 beata

393 1958 519 1995 Patris
551 1962 588 1994 et
619 1958 698 1995 nati
730 1958 947 2004 pariterque
984 1959 1105 1995 sancti

393 2014 574 2062 Spiritus,
608 2026 752 2052 summa
785 2015 926 2061 pietate
959 2026 1121 2062 regnans

582 2073 700 2110 Omne
731 2082 801 2119 per
831 2082 977 2110 aevum.

126 2194 208 2226 Cod.
236 2195 395 2227 Vatican.
414 2196 496 2238 Reg.
522 2193 600 2227 469.
625 2194 682 2234 (ol.
698 2195 912 2237 sang-allen.)
936 2206 1026 2227 saec.
1052 2193 1083 2227 9.
1110 2206 1161 2227 ex.
1180 2195 1220 2225 A.
1241 2213 1276 2216 -—
1301 2195 1384 2227 Cod.
1403 2194 1603 2236 Sangallen.

37 2237 113 2272 869.
149 2250 239 2272 saec.
265 2238 295 2271 9.
335 2252 386 2273 ex.
413 2243 451 2273 Β.
478 2258 520 2263 —
546 2238 578 2279 8,
604 2238 625 2273 3
658 2241 765 2273 studii
798 2252 917 2273 eamus
943 2242 1071 2283 korrig.
1100 2242 1137 2272 in
1162 2241 1362 2272 studeamus
1390 2241 1430 2272 A.
1458 2259 1501 2262 ——
1526 2238 1558 2279 S,
1583 2238 1605 2271 4

34 2284 122 2317 lucis
146 2286 185 2316 A.
214 2304 254 2308 --
281 2284 331 2325 10,
358 2284 378 2317 3
404 2296 552 2329 pregnas
570 2286 609 2317 A.
636 2304 680 2307 ——
707 2284 758 2324 11,
783 2285 805 2318 4
830 2289 1032 2318 ministrans
1050 2287 1091 2319 A.
1116 2304 1160 2307 —-
1183 2285 1232 2325 14,
1263 2286 1277 2317 1
1298 2286 1482 2319 Gaudeant
1500 2286 1540 2317 A.
1559 2303 1603 2306 —-

39 2327 89 2369 17,
115 2328 136 2363 3
161 2331 264 2373 longo
290 2333 329 2363 A.

379 2466 459 2501 122.
497 2466 554 2509 (2.)
591 2465 771 2502 Sabbato
800 2465 1002 2514 Quattuor
1028 2466 1263 2510 Temporuln

587 2536 821 2567 Adventus
856 2537 1043 2567 Domini.

558 2640 604 2679 R.
638 2639 943 2685 Omnipotentem

639 2696 797 2742 Semper
827 2696 988 2732 adorent

637 2753 685 2790 Et
720 2752 948 2789 benedicant

638 2809 756 2846 Omne
784 2819 853 2855 per
885 2819 1016 2847 aevum
