1785 3111
765 49 1075 90 —368-

142 164 193 202 10
207 175 241 202 a.
286 165 386 201 Hine
418 164 521 200 vultu
552 163 718 210 propitio
959 165 1010 203 10
1025 164 1060 203 b.
1102 165 1182 210 Qua
1212 164 1283 213 leo,
1316 163 1396 210 bos,
1427 165 1554 211 aquila

282 221 444 257 humana
475 219 572 257 facie
1097 222 1204 258 vultu
1234 220 1408 256 horribili

281 275 495 323 praefulget
1097 281 1403 324 praemonstrant

280 334 318 369 in
351 333 464 369 caelis
899 375 903 378 ,
1096 334 1272 371 virtutem

278 389 385 426 iuxta
415 389 590 426 thronum
1099 390 1310 428 divinorum

279 456 445 482 summae
477 446 632 492 gratiae,
1094 446 1334 486 terribilium.

139 535 186 573 11
207 546 242 573 a.
284 536 337 572 At
368 539 420 584 tu,
453 535 661 584 Matthaee⁷
960 538 1007 575 11
1023 536 1060 575 b.
1101 537 1275 576 Clemens
1307 540 1479 582 respecta

282 592 409 628 cordis
441 597 478 628 et
508 592 633 628 vultus
665 591 830 635 humani,
1098 593 1209 629 simul
1236 597 1273 629 et
1302 592 1478 640 precibus
1509 602 1611 641 cura,

278 649 429 695 plagam
460 649 608 695 generis
640 649 792 685 humani
1097 650 1193 686 sieut
1222 654 1287 686 tua
1318 654 1373 685 est
1406 652 1546 687 curata.

522 735 586 772 12.
633 733 712 779 Quo
744 737 807 770 tuo

627 788 717 826 freti
747 791 863 827 auxili

627 858 696 894 per
727 847 920 884 Christum
952 847 1006 883 sie
1037 858 1212 884 sanemur

625 915 647 940 a
678 904 844 950 peccatis
875 903 1060 947 omnibus,

630 964 672 997 ut
703 964 740 997 te
771 964 943 997 sanatum
975 961 1175 998 eredimus.

224 1048 327 1079 Grad.
355 1058 416 1078 ms.
443 1048 701 1088 secoviensem)
725 1058 815 1081 saee.
844 1047 896 1080 12.
945 1049 1026 1080 Cod.
1051 1048 1294 1080 Vindobonen.
1325 1046 1447 1079 13:314.
1474 1050 1512 1079 A.
1532 1066 1575 1069 —
1592 1049 1690 1080 Miss.

132 1104 194 1124 ms.
229 1093 438 1124 Seeoviense
471 1104 558 1125 saec.
597 1092 646 1124 12.
695 1094 778 1126 Cod.
803 1095 968 1126 Graeeen.
993 1092 1070 1126 479.
1097 1095 1136 1125 B.
1162 1111 1204 1114 —
1231 1094 1366 1125 Prosar.
1392 1104 1454 1124 ms·
1483 1094 1691 1126 Seeoviense

132 1148 222 1170 saec.
262 1137 313 1170 12.
370 1139 452 1170 Cod.
490 1139 656 1171 Graeeen.
696 1137 792 1171 1584.
830 1140 867 1171 C.
900 1157 944 1162 —--
977 1141 1075 1171 Miss.
1114 1150 1175 1170 nis.
1208 1139 1478 1172 Vindobonense
1513 1149 1602 1171 saec.
1638 1137 1689 1171 15.

130 1183 390 1224 (Privatbesitz)
415 1185 454 1215 D.

222 1227 284 1262 3b.
316 1229 329 1260 1
356 1231 448 1261 Dum
474 1230 523 1269 D3
550 1230 755 1261 mundarum
781 1229 817 1260 C.
844 1247 886 1251 —-
912 1227 972 1267 51),
998 1226 1018 1260 3
1044 1232 1180 1271 genesis
1208 1231 1249 1261 D.
1275 1246 1317 1250 —
1344 1230 1410 1267 ea,
1441 1228 1461 1261 8
1486 1233 1584 1262 taxat
1611 1230 1688 1270 (lies

133 1274 234 1315 texit)
262 1276 505 1317 genealogiam
538 1276 577 1306 D.
613 1293 653 1297 -<
689 1274 754 1314 61),
789 1274 809 1307 6
842 1285 882 1306 ae
913 1284 1022 1306 novae
1048 1278 1086 1305 A.
1119 1292 1159 1295 —
1193 1273 1262 1311 Sa,
1295 1274 1317 1306 4
1350 1276 1536 1307 revelantis
1570 1277 1612 1307 D.
1650 1292 1689 1297 —

131 1318 200 1358 81³,
236 1319 250 1351 1
278 1322 327 1352 Ae
351 1321 421 1352 BC.
452 1337 487 1342 —
516 1318 575 1359 81),
600 1318 621 1352 3
647 1321 690 1352 ad
716 1331 752 1352 se
778 1321 879 1352 BCD.
905 1337 948 1341 —
974 1318 1033 1355 93,
1077 1319 1091 1351 1
1127 1322 1216 1351 enirn
1253 1321 1289 1351 Β.
1315 1338 1359 1341 —-
1384 1318 1449 1358 9a,
1484 1318 1506 1351 3
1530 1320 1596 1352 hoe
1621 1322 1690 1353 sibi

130 1366 174 1396 D.
200 1383 243 1387 ——
270 1364 307 1397 11
323 1367 362 1403 b,
393 1363 413 1396 2
439 1370 472 1397 et
498 1366 645 1407 pleniter
670 1366 771 1397 BCD.
799 1384 837 1387 —
868 1366 957 1397 Mel:
994 1363 1101 1396 Laus
1126 1364 1201 1404 tilis,
1226 1363 1376 1405 Christe,
1401 1364 1462 1406 qni
1493 1375 1527 1398 es
1554 1367 1689 1398 creator

129 1410 225 1449 (oder
249 1408 423 1443 Psalmo.
458 1429 499 1432 —
535 1413 610 1452 Vgl.
637 1413 742 1443 Mone
766 1412 830 1449 ΙΙΙ,
865 1408 938 1448 128,
964 1411 1024 1442 der
1048 1411 1103 1442 die
1131 1413 1286 1452 Sequens
1312 1422 1374 1443 aus
1408 1412 1436 1442 B
1461 1412 1600 1443 mitteilt
1624 1413 1689 1443 mit

131 1456 207 1488 dem
234 1457 519 1489 verstiimnielten
544 1452 719 1499 Anfange:
748 1458 788 1487 In
814 1457 926 1488 Deum
952 1457 1112 1488 exsultet.

491 1637 573 1672 286.
609 1636 689 1679 (23.)
724 1637 769 1671 In
794 1635 938 1672 Natale
962 1636 1326 1679 Evangelistarum.

572 1745 605 1782 1.
654 1744 824 1789 Regnum
854 1745 959 1779 tuum

657 1810 811 1846 regnum
844 1799 1007 1835 omnium
1039 1798 1287 1846 saeculorum,

655 1856 828 1902 Domine,
862 1865 927 1891 rex
959 1865 1101 1903 regum.

126 1940 197 1977 222.
239 1938 354 1977 Cuius
387 1940 492 1985 regni
524 1941 679 1987 gloriam
943 1939 1016 1977 2b.
1059 1940 1178 1977 Plena
1208 1940 1325 1976 oeulis
1357 1944 1533 1987 quattuor

239 1999 276 2032 et
303 1997 509 2042 potentiam
1053 1996 1231 2033 animalia

238 2056 340 2089 tuam
370 2053 573 2099 loquuntur
1053 2058 1140 2090 ante
1170 2057 1206 2089 et
1237 2056 1351 2090 retro.

125 2143 195 2182 3a,
237 2142 328 2187 Leo,
361 2143 514 2190 vitulus,
546 2144 668 2189 1101110,
941 2143 1013 2182 3b.
1055 2143 1221 2193 Marcus,
1254 2143 1389 2189 Lucas,
1421 2144 1650 2194 Matthaeus,

236 2199 362 2245 aquila
392 2199 583 2246 profunda
1050 2200 1236 2236 Iohannes
1267 2200 1414 2237 occulta

235 2255 376 2292 rimans
407 2257 608 2303 mysteria:
1051 2256 1158 2293 verbi
1189 2260 1403 2294 eructuans.

122 2347 194 2383 4a.
228 2346 392 2391 Quorum
426 2344 546 2383 forma
578 2351 614 2382 et
646 2346 830 2393 doctrina,
936 2346 1009 2386 4b.
1054 2349 1174 2385 Homo
1206 2345 1349 2396 faetus,
1387 2346 1453 2384 bos
1484 2347 1522 2384 in
1552 2358 1675 2397 cruce,

235 2401 386 2439 Christe
415 2413 497 2439 eum
530 2403 670 2449 regina,
1048 2404 1119 2452 leo,
1153 2414 1235 2440 eum
1267 2404 1444 2451 resurgis,

233 2468 371 2504 sponsa
401 2463 475 2504 tua,
1046 2460 1172 2506 aquila

232 2514 457 2561 significaris
487 2516 659 2556 eeclesia,
1047 2527 1161 2563 super
1190 2520 1292 2553 astra
1323 2516 1426 2553 Deus
1456 2516 1630 2556 volitans.

118 2608 188 2644 5a.
230 2605 281 2642 Et
311 2606 493 2642 ecclesiae
934 2607 1007 2646 5b.
1050 2605 1321 2653 Crucifigentes

230 2662 308 2699 nati
339 2662 509 2699 homines
1043 2675 1083 2700 se
1115 2674 1196 2700 eum
1229 2663 1329 2700 vitiis

229 2723 271 2755 ut
301 2718 468 2755 membra
499 2718 585 2755 novi
1043 2721 1080 2756 in
1113 2719 1234 2756 crucis
1265 2730 1329 2756 ara

229 2781 316 2812 sunt
346 2775 522 2825 hominis,
1043 2781 1130 2814 sunt
1158 2775 1278 2814 vituli.
