1785 3111
799 87 855 91 u-
914 65 994 105 326
1054 88 1109 91 —

400 179 566 216 Panibus
599 189 618 215 e
649 179 812 225 quinque
843 179 998 216 satiavit
1030 179 1136 216 milia
1166 179 1343 226 quinque,

401 237 543 273 Ventos
574 235 735 279 sedavit,
772 246 876 272 mare
907 246 975 271 ceu
1006 236 1146 272 siccum
1177 234 1409 284 peragravit,

400 292 566 340 Linguas
597 296 785 328 mutorum
816 292 920 328 iussu
951 292 1059 328 verbi
1090 293 1286 340 reseravit,

302 350 353 386 30
400 350 524 387 Aures
552 349 752 385 surdorum
785 352 1050 395 sputo-tactas
1081 349 1288 395 reparavit,

399 406 544 442 Febres
576 405 791 442 morborum
823 410 1027 451 quartanas
1059 417 1172 451 porro
1206 404 1364 452 fugavit.

399 463 509 500 Talia
539 467 625 509 post
655 463 774 509 signa,
806 466 891 509 post
922 462 1015 498 haee
1045 462 1240 508 signacula
1273 462 1387 508 digna

400 519 542 566 Sponte
574 530 640 556 sua
673 519 832 567 capitur,
864 518 1096 565 crucifigitur
1127 523 1163 555 et
1195 519 1390 565 sepelitur.

400 577 473 613 Ast
502 576 541 612 in
572 580 693 612 morte
725 587 792 612 sua
823 575 878 612 sol
910 575 1147 612 subtrahitur
1178 586 1326 622 quoque
1357 575 1459 613 luna.

303 634 353 671 35
401 633 474 679 En,
506 633 573 669 lux
606 633 707 668 illius
740 638 795 668 est
827 632 935 668 nobis
967 637 1050 669 orta
1083 632 1169 682 (1101,

402 690 521 735 Quam
552 688 643 725 feeit
674 689 869 736 Dominus,
903 692 1016 735 typus
1048 694 1225 727 aeternae
1257 688 1412 734 requiei.

401 748 448 784 In
479 757 551 793 qua
583 757 651 782 ceu
682 745 791 782 fortis
819 746 878 782 leo
909 746 999 782 vicit
1031 746 1160 782 debita
1191 745 1322 783 mortis

400 804 527 850 Atque
559 803 635 839 suis
669 804 770 839 visus
802 808 858 838 est
893 803 1042 839 dilectis
1074 803 1267 839 redivivus

404 861 505 909 Post,
538 861 683 906 primus
716 860 860 905 primae
892 860 1068 905 peccanti
1099 860 1221 906 primo
1255 859 1414 907 Mariae,

304 918 357 955 40
404 917 605 955 Fratribus
638 917 798 953 undenis
830 922 915 962 post
949 917 1018 952 hae
1049 927 1221 952 maerore
1254 915 1424 961 repletis,

402 972 617 1012 Informans
648 974 735 1010 illos
764 973 973 1019 scripturas
1006 973 1120 1010 corde
1152 972 1325 1020 pusillos,

405 1030 590 1068 Gentibus
621 1034 662 1066 ut
693 1031 805 1076 plane
836 1030 976 1066 scirent
1007 1030 1093 1066 illas
1123 1039 1304 1066 reserare.

403 1088 518 1137 Eece,
551 1092 806 1134 resurgentem
839 1087 1062 1123 sollenniter
1091 1087 1386 1123 omnitenentem

404 1144 569 1181 Laetitia
601 1144 718 1180 multa
748 1144 906 1180 laudant
937 1144 1133 1180 nascentia
1165 1147 1312 1180 cuncta.

306 1203 358 1240 45
407 1201 551 1238 Cuncta
583 1206 713 1237 carent
744 1201 859 1247 luctu,
893 1205 1037 1246 segetes
1070 1204 1231 1237 vernant
1262 1199 1374 1236 niodo
1401 1197 1540 1247 fructu,

408 1257 592 1295 Producit
621 1256 733 1293 flores
766 1258 891 1293 varios
924 1268 968 1294 ex
1001 1267 1104 1293 more
1136 1257 1280 1292 colores

409 1315 467 1352 De
500 1319 603 1351 terra
634 1314 709 1350 late
740 1319 842 1350 tersa
873 1314 970 1350 nivis
1001 1314 1220 1360 asperitate.

408 1371 586 1409 Carmina
615 1382 713 1407 nune
744 1371 857 1417 plena
889 1370 1089 1407 dulcedine
1123 1371 1189 1407 dat
1218 1369 1450 1420 philomena7

405 1428 515 1465 Nunc
546 1428 601 1465 sol
633 1433 669 1464 et
699 1428 788 1464 luna
817 1427 1015 1473 perlucent
1047 1427 1186 1464 elarius
1218 1438 1303 1472 uua,

310 1487 360 1524 50
408 1485 622 1522 Herbarum
655 1485 774 1521 vellus
807 1484 985 1531 producit
1014 1483 1151 1521 florida
1183 1484 1309 1522 tellus,

407 1542 509 1589 Ergo
540 1542 614 1588 die,
648 1540 799 1586 fratres,
833 1541 903 1578 hae
935 1542 1166 1578 exsultemus
1198 1541 1357 1587 alacres,

411 1599 533 1635 Instat
563 1609 658 1645 quae
690 1597 850 1644 fulgens,
882 1598 919 1634 in
951 1609 1024 1644 qua
1054 1598 1100 1634 de
1131 1602 1251 1634 morte
1283 1607 1484 1643 resurgens

408 1656 544 1692 Mundi
575 1655 754 1701 salvator,
787 1665 898 1691 verus
929 1655 1031 1691 vitae
1063 1659 1272 1701 reparator,

415 1712 601 1750 Caelestis
633 1712 741 1748 nobis
773 1709 955 1758 patefecit
985 1711 1059 1747 iter
1090 1711 1266 1757 regionis.

314 1770 364 1807 55
412 1770 529 1806 Totus
560 1769 745 1805 iucundus
775 1769 824 1804 sit
854 1778 924 1814 per
955 1768 1018 1814 pia
1049 1768 1187 1814 gaudia
1218 1767 1392 1816 mundus,

411 1825 650 1863 Coniubilent
682 1825 803 1862 sancti
834 1825 945 1861 simul
976 1825 1143 1861 Alleluia
1174 1824 1333 1864 tonanti.

275 1918 362 1958 Opp.
390 1920 525 1957 autogr.
552 1915 714 1946 Othlonis
739 1915 992 1945 Emmeranien.
1020 1924 1108 1945 saec.
1140 1912 1188 1944 11.
1238 1914 1324 1945 (31111.
1350 1914 1532 1944 Monac-en.
1560 1908 1687 1943 14490.
1705 1927 1748 1932 —

184 1962 356 1993 Znsehrift
381 1972 450 1993 von
476 1961 621 1992 auderet·
647 1960 768 1999 Hand,
800 1961 882 1991 aber
908 1961 969 1990 init
993 1962 1088 1991 einer
1114 1959 1319 1997 Korrektnr,
1346 1959 1401 1990 die
1427 1958 1549 1990 Othlos
1575 1956 1680 1988 Hand
1705 1966 1748 1987 zu

184 2010 258 2039 sein
285 2008 429 2039 ,ει-1101111.
1459 2014 1462 2016 ·

388 2141 470 2176 253.
503 2142 561 2183 (6.)
598 2140 745 2175 versus
772 2149 892 2183 super
917 2138 1167 2182 sequentiam
1193 2137 1325 2173 saneti
1351 2137 1547 2181 Spiritus.

450 2223 555 2260 Assit
584 2223 659 2259 iani
686 2222 795 2259 nobis
828 2222 1027 2259 clementia
1059 2222 1215 2268 spiritus
1248 2221 1349 2270 almi,

444 2282 546 2326 Quae
577 2280 649 2316 sibi
682 2290 746 2316 cor
778 2283 946 2316 nostrum
979 2278 1093 2315 faciat
1124 2278 1330 2314 consistere
1360 2277 1554 2327 templum,

442 2337 651 2383 Expellens
681 2336 771 2373 inde
803 2340 1043 2382 peccatorum
1076 2346 1193 2382 genus
1224 2346 1346 2374 omne.

444 2393 608 2440 Spiritus
639 2393 750 2433 alme,
784 2393 867 2429 veni
899 2404 966 2429 nos
999 2397 1036 2429 et
1068 2392 1225 2438 dignare
1256 2391 1366 2438 tueri,

376 2454 396 2488 :3
445 2450 524 2486 Fac
554 2451 687 2496 procul
720 2449 930 2486 horrendas
963 2449 1010 2485 de
1040 2454 1170 2485 nostro
1203 2449 1316 2485 corde
1348 2447 1537 2484 tenebras,

445 2507 501 2543 Tu
534 2507 748 2543 consolator
779 2511 815 2541 et
847 2517 964 2552 purae
1001 2506 1135 2542 mentis
1167 2510 1324 2550 amator,

445 2561 551 2600 Infer
582 2563 745 2599 chrisma
777 2567 878 2599 tuum
912 2563 1075 2599 clemens
1106 2563 1143 2598 in
1177 2567 1331 2607 pectora
1362 2560 1545 2599 nostram.

447 2620 504 2656 Tu
536 2631 683 2666 quoque
715 2623 932 2656 cunctorum
965 2619 1167 2655 mundator
1198 2618 1436 2665 flagitiorum.

444 2677 650 2713 Mundatos
684 2675 843 2712 hominis
875 2675 1003 2712 oculos
1035 2673 1096 2711 fac
1127 2675 1339 2724 interiores,

351 2735 400 2772 10
448 2733 500 2771 Ut
530 2733 585 2769 sie
617 2733 814 2769 caelestem
846 2743 1057 2769 mereamur
1088 2742 1243 2767 cernere
1274 2736 1433 2779 patrem,

448 2791 564 2835 Quem
597 2793 752 2835 possunt
785 2789 884 2825 oculi
916 2789 1098 2825 iustorum
1131 2798 1285 2824 cernere
1316 2787 1399 2824 soli.
