1785 3111
372 425 408 463 1.

713 34 992 75 -37—

522 227 582 263 38.
619 226 730 269 (153.)
767 226 914 262 Versus
941 224 1035 259 ante
1063 222 1214 259 Cibum.

658 307 829 348 (Cathem.
858 308 920 346 ΙΙΙ,
951 305 1080 346 1—40).

470 425 500 462 O
531 422 696 461 crucifer
726 423 834 472 bone,
868 423 962 460 lucis
994 427 1109 467 sator,

469 482 722 527 omniparens
754 481 828 527 pie,
862 479 1078 526 verbigena,

468 538 585 575 Edite
616 548 775 584 corpore
805 537 987 583 virgineo,

468 595 544 632 Sed
575 595 680 641 prius
711 594 750 630 in
780 593 949 640 genitore
980 596 1127 639 potens,

468 653 597 698 Astra,
630 651 764 698 solum,
797 660 900 686 mare
931 660 1042 696 quam
1074 648 1205 685 fierent

470 776 555 813 Huc
586 775 720 820 nitido,
753 785 901 821 precor,
934 773 1073 810 intuitu

467 833 600 871 Flecte
630 830 867 869 salutiferam
900 829 1048 873 faciem,

467 889 612 926 Fronte
641 899 796 925 serenus
828 892 865 924 et
894 887 1053 935 irradia,

468 946 642 983 Nominis
673 950 713 982 ut
745 945 813 982 sub
846 945 987 981 honore
1019 943 1072 980 tui

466 1003 547 1040 Has
579 1003 711 1049 epulas
742 1002 856 1039 liceat
887 1011 1036 1048 capere.
1067 1031 1071 1034 .

469 1129 523 1166 Te
554 1129 635 1165 sine
667 1128 777 1165 dulce
807 1128 915 1175 nihil,
953 1126 1123 1171 Domine,

468 1185 549 1223 Nec
579 1185 683 1222 iuvat
714 1195 780 1222 ore
810 1185 901 1231 quid
933 1184 1129 1231 adpetere,

469 1243 611 1281 Pocula
642 1242 681 1278 ni
711 1242 817 1289 prius
849 1246 960 1288 atque
993 1241 1108 1289 cibos,

469 1299 632 1348 Christe,
665 1299 739 1336 tuis
772 1297 881 1336 favor
908 1297 1084 1334 imbuerit

467 1357 602 1395 Omnia
633 1355 895 1393 sanctificante
927 1354 1014 1393 fide.

466 1481 629 1518 Fercula
659 1486 791 1517 nostra
822 1480 943 1516 Deum
974 1480 1137 1526 sapiant,

470 1538 641 1575 Christus
673 1542 708 1573 et
740 1536 873 1574 influat
904 1536 941 1572 in
968 1542 1143 1584 pateras·,

466 1595 586 1639 Seria,
618 1594 779 1637 ludrica,
813 1593 941 1641 verba,
974 1594 1089 1630 iocos,

466 1652 652 1698 Denique,
685 1651 785 1698 quod
817 1661 944 1687 sumus
976 1655 1039 1686 aut
1071 1650 1229 1699 agimus,

471 1708 589 1746 Trina
621 1718 783 1754 superne
814 1711 922 1754 regat
952 1707 1086 1753 pietas

468 1833 541 1870 Hic
572 1833 663 1869 mihi
695 1833 799 1869 nulla
831 1842 939 1868 rosae
970 1832 1105 1878 spolia,

468 1890 605 1927 Nullus
637 1895 806 1926 aromate
837 1887 982 1935 fragrat
1013 1889 1121 1937 odor,

466 1947 541 1984 Sed
572 1947 696 1994 liquor
726 1945 851 1983 influit
879 1945 1102 1994 ambrosius,

467 2004 767 2049 Nectareamque
799 2002 911 2040 fidem
944 2002 1091 2039 redolet

465 2060 588 2097 Fusus
620 2060 667 2097 ab
697 2070 815 2106 usque
846 2059 968 2106 patris
999 2059 1153 2106 gremio.

467 2185 624 2232 Sperne,
658 2185 833 2230 Camena,
866 2185 968 2221 leves
1000 2185 1173 2233 hederas,

467 2243 626 2289 Cingere
657 2247 832 2288 tempora
863 2242 945 2288 quis
977 2241 1087 2278 solita
1120 2251 1171 2287 es,

467 2299 651 2345 Sertaque
683 2299 841 2346 mystica
875 2298 1065 2345 dactylico

467 2357 613 2393 Texere
646 2356 758 2392 docta
788 2356 864 2401 liga
895 2355 1079 2401 strophio,

466 2413 598 2450 Laude
635 2412 706 2449 Dei
739 2412 916 2448 redimita
945 2411 1072 2448 comis.

465 2538 574 2585 Quod
605 2547 788 2584 generosa
819 2541 944 2583 potest
974 2537 1111 2583 anima,

464 2595 579 2632 Lucis
611 2597 647 2630 et
678 2593 843 2630 aetheris
874 2594 1066 2641 indigena,

467 2651 623 2689 Solvere
655 2650 804 2697 dignius
836 2650 1068 2697 obsequium,

466 2709 585 2755 Quam
617 2708 706 2744 data
737 2718 892 2744 munera
923 2708 955 2744 si
986 2707 1129 2744 recinat

458 2764 662 2802 'Artificem
695 2764 888 2801 modulata
919 2763 1057 2801 suum‘?
