1785 3111
708 96 761 101 --
821 72 989 114 83-

696 187 826 219 Feria
861 188 1011 220 Sexta.

332 249 470 281 Cortice
494 249 536 280 de
561 250 682 281 matris
708 253 829 281 tenera
853 250 1021 292 lanugine
1047 260 1193 292 surgens

378 295 573 336 Praeparat
596 295 640 326 ad
665 299 802 337 partum
827 295 968 338 turgida
991 305 1129 337 gemma
1154 297 1280 327 sinum.

330 340 502 382 Tempore
527 341 592 373 sub
617 340 743 372 hiemis
769 341 933 372 foliorum
959 342 1055 373 crine
1080 341 1220 373 revulso

375 386 451 417 Iam
474 390 614 427 reparat
638 386 796 418 viridans
822 386 967 418 frondea
991 389 1085 418 tecta
1108 396 1242 418 nemus.

719 463 964 508 [Sabbata]

330 531 398 569 Qui
423 529 608 562 crucifixus
638 533 723 567 erat,
748 529 856 568 Deus,
883 539 972 568 ecce,
998 540 1060 571 per
1085 530 1204 560 omnia
1228 532 1361 570 regnat,

374 576 538 618 Dantque
563 576 711 607 creatori
735 578 861 606 cuncta
885 578 1003 606 creata
1028 585 1177 616 precem.

329 621 480 659 Christe,
507 621 603 653 salus
629 631 754 657 rerum,
776 621 866 652 bone
892 620 1052 652 conditor
1077 623 1181 662 atque
1207 620 1415 661 redemptor,

374 667 491 699 Unica
514 668 700 709 progenies
726 676 770 697 ex
796 665 927 697 deitate
954 666 1076 707 patris.

147 734 219 765 Auf
246 734 302 766 die
329 735 506 777 Sonntage
532 735 620 766 nach
646 735 772 767 Ostern
802 733 942 766 verteilt
971 734 1032 766 das
1065 733 1152 765 Lied
1179 733 1264 765 Clm.
1290 734 1472 766 Monacen.
1500 731 1628 766 27130.

56 779 160 812 Grad.
187 780 444 812 Ottoburanum
461 790 558 812 ¹saec.
576 778 637 818 v12.
664 780 730 812 wie
755 779 860 822 folgt:

599 894 839 926 Dominica
871 893 1084 925 Paschae.

325 960 440 999 Salve,
466 961 556 993 festa
579 961 666 1000 dies,
690 965 764 993 toto
789 961 1004 993 venerabilis
1030 970 1129 999 aevo,

372 1005 451 1044 Qua
475 1007 572 1038 Deus
596 1007 770 1039 infernum
795 1008 881 1039 vicit
905 1011 939 1039 et
963 1010 1060 1038 astra
1084 1010 1189 1040 tenet.

323 1052 499 1094 Tempora
522 1052 685 1095 florigero
711 1052 858 1085 rutilant
882 1053 1048 1085 distincta
1073 1063 1195 1087 sereno

368 1097 417 1129 Et
440 1099 572 1130 maiore
597 1098 670 1140 poli
695 1098 828 1130 lumine
853 1102 955 1140 porta
980 1101 1086 1139 patet.

323 1143 440 1174 Altius
466 1144 683 1184 ignivomum
709 1144 819 1176 solem
844 1144 934 1176 caeli
960 1145 1074 1175 orbita
1099 1145 1209 1186 ducit,

369 1189 438 1229 Qui
463 1199 575 1231 vagus
601 1190 760 1222 Oceanas
786 1191 859 1221 exit
884 1194 918 1221 et
942 1191 1051 1221 intrat
1075 1200 1195 1232 aquas.

324 1234 478 1266 Armatis
504 1235 612 1267 radiis
639 1235 812 1267 elementa
836 1236 1011 1275 liquentia
1035 1236 1190 1269 lustrans

369 1279 492 1311 Adhuc
516 1284 618 1312 nocte
644 1281 742 1313 brevi
767 1281 880 1313 tendit
905 1282 942 1312 in
968 1281 1050 1313 orbe
1074 1282 1178 1315 diem.

323 1322 518 1368 Splendida
543 1327 716 1358 sincerum
742 1327 938 1369 producunt
962 1327 1106 1359 aethera
1130 1329 1278 1371 vultum,

368 1371 632 1414 Laetitiamque
657 1382 755 1404 suam
781 1373 896 1404 sidera
921 1373 1018 1404 clara
1042 1374 1201 1415 probant.

322 1417 432 1449 Terra
456 1417 577 1449 favens
601 1417 770 1459 (gaudens
796 1419 874 1455 Hs.)
898 1419 998 1450 vario
1023 1419 1138 1451 fundit
1163 1424 1370 1456 munuscula
1394 1425 1476 1465 fetu,

369 1462 457 1494 Cum
481 1463 571 1495 bene
596 1464 757 1495 vernales
783 1464 896 1496 reddit
922 1468 956 1496 et
981 1475 1093 1496 annus
1122 1476 1215 1508 opes.

320 1507 448 1540 Mollia
472 1519 685 1550 purpureum
711 1511 860 1551 pingunt
884 1511 1012 1552 (pingit
1036 1510 1114 1552 Hs.)
1137 1514 1289 1547 violaria
1315 1526 1486 1558 campum,

366 1553 474 1586 Prata
497 1556 614 1586 virent
638 1555 766 1593 herbis,
793 1559 827 1587 et
852 1557 957 1587 micat
981 1555 1090 1588 herba
1114 1559 1234 1591 comis.

320 1599 499 1631 Paulatim
525 1601 677 1632 subeunt
702 1599 875 1632 stillantia
899 1602 1034 1633 lumina
1059 1602 1192 1643 florum,

367 1645 531 1677 Floribus
557 1646 713 1678 arrident
737 1648 899 1688 gramina
924 1649 1035 1679 tincta
1061 1648 1144 1679 suis.

321 1691 462 1723 semine
487 1691 646 1733 deposito
673 1692 809 1724 lactans
835 1703 934 1735 seges
960 1693 1082 1724 exsilit
1106 1696 1211 1734 arvis,

366 1736 551 1778 spondens
577 1738 753 1779 agricolae
778 1740 920 1770 vincere
944 1749 1048 1780 posse
1075 1739 1213 1772 famem.

318 1781 472 1814 Caudice
497 1782 636 1814 desecto
666 1783 828 1815 lacrimat
852 1795 914 1816 sua
940 1785 1070 1827 gaudia
1095 1786 1239 1827 palmes,

363 1827 464 1860 Unde
491 1839 623 1860 merum
648 1830 790 1868 tribuat,
816 1830 876 1861 dat
899 1830 1001 1862 modo
1027 1832 1110 1862 vitis
1138 1842 1277 1873 aquam.

317 1872 433 1911 Salve,
460 1873 549 1906 festa
573 1874 660 1913 dies,
686 1879 760 1907 toto
786 1877 1002 1907 venerabilis
1028 1886 1126 1916 aevo,

363 1918 440 1958 Qua
463 1920 559 1951 Deus
588 1921 763 1952 infernum
788 1921 873 1952 vicit
899 1925 932 1953 et
957 1925 1053 1953 astra
1078 1925 1182 1955 tenet.

313 2031 557 2063 Dominica
588 2033 733 2074 prima
761 2038 865 2074 post
889 2035 1106 2067 Octavam
1130 2037 1347 2071 Paschae.

314 2099 431 2138 Salve,
457 2099 547 2131 festa
571 2100 656 2139 dies,
682 2104 755 2133 toto
780 2104 996 2135 venerabilis
1022 2113 1122 2143 aevo,

359 2145 437 2184 Qua
462 2146 556 2177 Deus
582 2146 754 2178 infernum
781 2149 868 2179 vicit
893 2152 927 2180 et
951 2153 1047 2181 astra
1071 2153 1177 2183 tenet.

312 2191 451 2222 Cortice
474 2190 516 2222 de
544 2193 666 2223 matris
691 2195 813 2225 tenera
837 2193 1004 2236 lanugine
1031 2206 1176 2238 surgens

356 2236 551 2278 Praeparat
577 2237 621 2268 ad
647 2241 782 2279 partum
809 2240 948 2281 turgida
972 2251 1110 2283 gemma
1136 2243 1264 2277 sinum.

309 2281 481 2322 Tempore
506 2283 570 2314 sub
595 2282 721 2315 hiemis
747 2285 909 2317 foliorum
935 2287 1030 2317 crine
1055 2284 1194 2320 revulso

355 2328 430 2359 Iam
455 2331 596 2369 reparat
620 2329 780 2361 viridans
806 2330 951 2363 frondea
975 2335 1067 2364 tecta
1093 2344 1226 2366 nemus.

310 2373 438 2414 Myr-ta,
466 2373 568 2411 salix,
593 2374 704 2411 abies.
730 2377 880 2417 corylus,
906 2377 999 2415 siler,
1025 2378 1150 2418 ulmus,
1177 2390 1338 2422 acernus,

354 2418 500 2450 Plaudit
524 2429 683 2461 quaeque
708 2422 781 2452 suis
809 2422 913 2453 arbor
937 2432 1085 2455 amoena
1110 2427 1230 2459 comis.

310 2462 426 2502 Salve,
452 2464 540 2495 festa
566 2464 652 2503 dies,
678 2469 751 2498 toto
778 2468 991 2500 venerabilis
1018 2479 1116 2508 aevo,

356 2510 434 2549 Qua
459 2510 554 2542 Deus
581 2511 755 2543 infernum
781 2513 868 2544 vicit
892 2518 925 2545 et
949 2517 1045 2546 astra
1069 2518 1174 2548 tenet.

580 2613 820 2645 Dominica
849 2615 1065 2649 secunda.

310 2677 425 2718 Salve,
453 2679 542 2712 festa
566 2681 651 2719 dies,
678 2685 750 2712 toto
777 2683 991 2715 venerabilis
1017 2694 1116 2723 aevo,

354 2724 432 2763 Qua
457 2726 553 2757 Deus
579 2727 752 2758 infernum
778 2729 864 2759 vicit
889 2733 923 2760 et
948 2733 1042 2761 astra
1067 2734 1171 2763 tenet.

310 2769 556 2802 Constru'itura
582 2772 679 2803 favos
708 2783 791 2814 apes
818 2772 898 2805 hinc
923 2775 1080 2807 alvearia
1105 2776 1268 2818 linquens

352 2815 514 2848 Floribus
540 2818 765 2859 instrepitans
791 2819 924 2860 poplite
953 2821 1056 2852 mella
1083 2823 1185 2863 rapit.
