1785 3111
741 97 1051 138 -631—

485 208 568 245 417.
605 209 662 252 (1.)
698 208 928 245 Encomium
954 209 1108 244 Beatae
1134 208 1304 243 Mariae.

143 354 181 392 1.
226 354 323 404 Ave,
354 354 474 401 virgo,
506 358 627 392 mater
660 354 814 401 Christi,

225 411 328 456 Quae
358 411 506 458 pudore
536 412 708 449 meruisti

279 467 367 505 Dici
398 467 562 515 phoenix
596 468 803 515 virginum3

222 524 319 570 Ave,
351 524 471 574 virgo,
504 525 608 561 cuius
640 523 785 562 fructus

223 579 344 618 Nobis
377 580 484 618 dedit
515 581 628 618 finem
660 582 782 618 luctus

279 637 331 674 Et
360 638 518 675 lamenti
550 638 763 676 terminum.

142 799 180 829 ·.
226 790 323 838 Ave,
355 791 463 838 virgo
494 792 678 838 speciosa,

229 846 344 884 Cuius
375 847 480 885 laudi
509 858 630 894 neque
658 858 771 895 prosa

282 903 415 951 Neque
445 908 607 942 metrum
638 902 802 953 sufficit3

222 960 319 1007 Ave,
351 960 470 1010 virgo,
504 961 594 998 mali
625 964 737 1010 meta,

227 1017 333 1054 Vena
363 1017 477 1065 vitae,
508 1028 578 1064 per
610 1028 721 1064 quam
754 1017 861 1055 theta

285 1073 450 1111 Taetrae
479 1074 612 1111 mortis
645 1074 814 1122 explicit.

168 1255 174 1262 .
221 1226 318 1274 Ave,
350 1226 458 1274 virgo
489 1227 666 1275 gloriosa,

224 1282 328 1328 Quae
359 1287 611 1322 commentum
639 1294 677 1320 es
699 1289 735 1321 et
757 1283 863 1330 glosa

195 1345 201 1350 “
250 1390 253 1391 ⁷
281 1338 503 1387 Scripturae
534 1340 797 1389 propheticae,

225 1395 338 1433 Cuius
370 1397 476 1444 glosa
508 1396 598 1434 facit
630 1397 784 1445 nudum,

225 1453 335 1498 Quod
367 1453 533 1491 velatum
566 1459 648 1491 erat
679 1454 821 1492 dudum

278 1509 441 1548 Literali
472 1512 626 1549 cortice.

171 1693 179 1702 .
225 1663 323 1712 Ave,
355 1663 474 1710 virgo,
508 1664 604 1701 caeli
635 1664 766 1714 claviS,

221 1721 317 1770 Ave,
349 1720 458 1758 novis
490 1731 587 1758 nova
617 1721 725 1758 navis

279 1777 446 1815 Onerata
475 1777 678 1825 mercibus,

223 1835 299 1872 Per
329 1844 440 1881 quam
473 1834 588 1881 plena
618 1834 742 1881 plenis
764 1835 858 1873 velis

224 1890 296 1928 Est
326 1891 444 1928 allata
475 1892 540 1928 lux
573 1892 620 1929 de
652 1891 766 1929 caelis

289 1947 420 1985 Caecis
451 1952 488 1984 et
520 1948 747 1987 errantibus,

167 2129 177 2139 .
222 2101 318 2149 Ave,
351 2111 497 2149 gemma
527 2102 723 2149 puellaris,

221 2158 317 2204 Ave,
349 2158 452 2196 clara
484 2159 595 2196 stella
625 2159 754 2207 maris,

276 2215 373 2260 Ave,
407 2226 522 2262 capsa
555 2216 732 2260 numinis,

221 2273 316 2320 Ave,
349 2272 495 2318 lampas
527 2275 565 2308 et
594 2272 755 2317 laterna,

221 2328 339 2374 Quam
376 2328 551 2365 accendit
581 2328 648 2366 lux
678 2338 855 2377 superna,

278 2385 363 2422 Fax
392 2385 538 2422 aeterni
568 2385 733 2425 luminis,
768 2426 771 2429 ,

167 2566 176 2576 .
221 2537 317 2587 Ave,
350 2537 468 2584 virgo,
502 2538 607 2574 cuius
638 2541 771 2575 venter

223 2593 419 2641 Sigillatus
451 2594 659 2641 diligenter

279 2651 379 2688 Fetu
409 2662 507 2689 novo
533 2651 689 2699 tumuit,

223 2706 312 2745 Sine
341 2708 473 2754 poenis
505 2712 541 2744 et
574 2712 722 2745 tortura

223 2763 414 2810 Splendor
443 2765 566 2811 patris
598 2768 634 2801 et
664 2764 784 2811 figura

279 2820 339 2858 De
369 2825 406 2858 te
435 2821 540 2858 nasci
567 2821 698 2862 voluit,

966 356 1001 394 7.
1049 356 1144 404 Ave,
1179 354 1298 401 virgo,
1331 353 1438 391 verbi
1469 357 1564 398 zeta,

932 1666 997 1703 10.

929 2103 994 2141 11.

931 2538 996 2577 12.

1047 412 1160 450 Caste
1192 414 1296 447 casto
1327 409 1419 448 flatu
1449 410 1562 459 laeta,

1103 467 1188 505 Non
1220 467 1413 504 immundo
1444 467 1606 515 semine,

1047 524 1134 561 Tibi
1167 523 1279 570 digne
1312 523 1443 561 damus
1474 524 1579 570 odas,

1043 582 1146 628 Quae
1179 591 1262 617 cum
1288 581 1369 618 Deo
1400 580 1530 617 limum
1562 580 1681 618 nodas

1100 638 1151 674 Et
1182 641 1342 674 matrem
1375 647 1458 674 cum
1490 636 1647 684 virgine.

1046 791 1142 836 Ave,
1175 790 1294 838 virgo,
1328 790 1434 827 verbi
1467 789 1564 826 cella

1048 846 1182 884 Carnis
1213 847 1379 884 condens
1408 846 1476 884 sub
1509 846 1662 883 nubella

1102 903 1266 940 Deitatis
1293 902 1465 950 radium3

1045 960 1140 1005 Ave,
1174 960 1293 1007 virgo,
1325 960 1398 997 Dei
1429 960 1552 1006 theca,

1048 1017 1120 1053 Per
1142 1028 1253 1063 quam
1275 1017 1393 1054 lusca.
1426 1017 1545 1064 lippa,
1568 1026 1681 1054 caeca

1104 1074 1215 1110 Mens
1247 1073 1362 1110 habet
1393 1073 1594 1111 collirium.

1049 1228 1144 1276 Ave,
1179 1227 1297 1275 virgo,
1330 1237 1468 1276 gurges
1499 1226 1635 1272 mellis,

1047 1285 1150 1331 Quae
1172 1282 1224 1320 fel
1246 1284 1395 1330 priscae
1417 1284 1549 1330 procul
1571 1283 1681 1330 pellis

1104 1340 1243 1378 Mortis
1274 1345 1311 1377 et
1341 1341 1567 1387 maestitiae,

1049 1398 1153 1443 Quae
1185 1397 1378 1445 coniungis
1409 1397 1492 1434 Deo
1522 1397 1652 1434 limum

1048 1455 1097 1491 Et
1129 1465 1213 1491 cum
1244 1465 1388 1492 summo
1421 1453 1496 1491 suis
1527 1454 1643 1490 imum

1104 1512 1187 1548 Acu
1219 1511 1496 1558 providentiae.

1044 1666 1139 1711 Ave,
1173 1665 1292 1712 virgo,
1324 1664 1457 1701 mortis
1488 1675 1604 1715 serra,

1044 1721 1157 1759 Cuius
1189 1727 1322 1758 venter
1351 1726 1407 1758 est
1438 1731 1571 1759 acerra

1102 1778 1285 1816 Caelestis
1317 1778 1518 1825 aromatis3

1043 1836 1138 1885 Ave,
1172 1835 1290 1885 virgo,
1325 1846 1435 1882 quam
1467 1835 1644 1883 sacravit,

1046 1891 1274 1929 Fortunavit
1306 1897 1344 1928 et
1377 1890 1557 1930 formavit

1106 1949 1235 1986 Virtus
1267 1949 1356 1986 almi
1387 1949 1615 1995 pneumatis,

1041 2103 1137 2152 Ave,
1170 2102 1277 2148 virgo
1309 2102 1487 2149 gratiosa,

1042 2159 1130 2196 Sola
1160 2168 1374 2205 praegnans
1406 2163 1443 2195 et
1473 2163 1650 2196 ventrosa

1098 2215 1187 2252 Sine
1217 2215 1332 2252 maris
1364 2225 1491 2263 opere,

1041 2271 1341 2309 Firmamentum
1372 2271 1607 2309 infirmorum

1041 2328 1194 2365 Tollens
1226 2339 1319 2365 onus
1349 2335 1592 2374 peccatorum

1100 2385 1167 2423 Pio
1200 2384 1342 2422 ventris
1373 2395 1499 2424 onere.

1042 2539 1138 2586 Ave,
1168 2538 1287 2585 virgo,
1320 2538 1456 2575 mentis
1489 2538 1633 2585 dulcor,

1042 2595 1085 2631 In
1117 2605 1191 2642 qua
1221 2605 1308 2632 reus
1341 2599 1378 2632 et
1408 2596 1515 2632 exsul
1547 2605 1611 2632 cor

1098 2652 1265 2698 Fundat,
1297 2651 1391 2699 figit,
1424 2652 1619 2699 anchorat,

1041 2709 1159 2754 Quam
1175 2709 1213 2745 in
1233 2708 1376 2756 morbo,
1394 2719 1504 2755 quam
1517 2708 1555 2745 in
1567 2709 1673 2759 mari,

1042 2765 1218 2812 Quisquis
1249 2765 1377 2802 studet
1408 2764 1577 2810 liberari,

1099 2821 1276 2859 Studiose
1307 2825 1503 2859 memorat.
