1785 3111
791 98 957 138 —58

647 288 706 325 53.
742 289 799 331 (2.)
835 289 1012 332 Hymnus
1037 289 1167 324 Alter.

176 387 213 424 1.
244 380 282 423 A
316 385 406 421 solis
434 388 538 421 ortus
571 383 729 420 cardine

181 670 217 707 {Q

179 2093 198 2130 κ)

179 2377 215 2413 ‚0³

179 2659 216 2696 9.

247 442 432 488 Adusque
462 444 588 476 terrae
618 440 778 477 limitem

247 498 439 537 Christum
460 507 637 533 canamus
655 496 879 546 principem,

247 555 386 591 Natum
419 554 546 591 Maria
578 553 736 601 virgine.

250 664 399 706 Beatus
431 671 563 703 auctor
594 666 736 703 saeculi

254 724 400 763 Servile
433 734 569 770 corpus
600 723 737 772 induit,

255 782 310 820 Ut
342 791 456 818 earne
488 791 639 818 earnem
671 780 838 818 liberans

252 838 337 875 Non
363 838 556 885 perderet,
580 838 680 884 quod
703 837 886 875 condidit.

207 989 215 996 .
249 953 412 996 Clausae
443 956 612 1003 parentis
643 956 792 994 viscera

249 1013 436 1052 Caelestis
467 1014 584 1050 intrat
615 1014 750 1060 gratia,

246 1072 392 1109 Venter
422 1071 574 1117 puellae
604 1070 750 1107 baiulat

247 1128 423 1174 Secreta‚
466 1138 561 1174 quae
606 1139 679 1164 non
710 1131 880 1166 noverat.

205 1271 212 1278 .
246 1238 395 1281 Domus
427 1240 556 1289 pudici
588 1240 753 1286 pectoris

247 1298 448 1344 Templum
482 1301 638 1345 repente
670 1296 711 1333 fit
741 1296 827 1345 Dei,

246 1356 396 1392 Intacta
428 1354 601 1391 nesciens
632 1354 755 1390 virum

246 1412 372 1449 Verbo
405 1412 547 1448 creavit
579 1410 710 1449 filium.

206 1555 214 1563 .
247 1522 378 1563 Enixa
410 1529 465 1561 est
493 1534 695 1570 puerpera,

246 1584 363 1629 Quem
397 1581 554 1618 Gabriel
586 1580 844 1627 praedixerat,

247 1640 364 1684 Quem
396 1638 528 1675 matris
560 1638 645 1675 alvo
677 1638 842 1684 gestiens

248 1696 406 1733 Clausus
439 1695 626 1733 Iohannes
658 1698 841 1732 senserat.

245 1805 356 1846 Feno
388 1808 512 1845 iacere
544 1808 714 1854 pertulit,

247 1866 462 1912 Praesaepe
493 1876 567 1901 non
598 1864 797 1902 abhorruit

246 1922 443 1968 Parvoque
474 1922 573 1958 lacte
605 1925 737 1967 pastus
768 1925 837 1967 est,

248 1980 322 2016 Per
353 1990 461 2025 quem
494 1988 563 2014 nec
594 1978 671 2014 ales
704 1978 836 2017 esurit.

206 2123 212 2129 .
247 2087 402 2132 Gaudet
434 2092 569 2128 chorus
603 2092 833 2138 caelestium⁷

246 2149 297 2186 Et
327 2149 451 2195 angeli
483 2153 622 2185 canunt
656 2148 787 2197 Deum,

249 2205 455 2251 Palamque
488 2205 527 2241 tit
559 2205 776 2252 pastoribus

248 2263 383 2300 Pastor
415 2266 636 2308 creatorque
667 2262 846 2300 omnium.

249 2372 387 2413 Hostis
418 2375 593 2411 Herodes
624 2375 752 2421 impie,

248 2432 440 2469 Christum
472 2432 601 2467 venire
624 2432 715 2477 quid
737 2432 846 2468 times
859 2431 877 2467 ἱ)

250 2488 335 2525 Non
368 2488 481 2534 eripit
512 2488 700 2534 mortalia,

245 2546 316 2592 Qui
348 2555 463 2591 regna
497 2545 561 2581 dat
592 2545 781 2585 caelestia.

248 2654 369 2696 Ibant
400 2658 510 2706 magi,
544 2669 616 2704 qua,
647 2662 841 2703 venerant,

250 2714 407 2751 Stellam
439 2720 638 2760 sequentes
670 2714 875 2763 praeviam,

253 2771 398 2808 Lumen
431 2771 627 2817 requirunt
659 2770 810 2819 lumine,

251 2828 373 2866 Deum
406 2825 574 2865 fatentur
605 2837 772 2865 munere.

914 368 917 371 ’
972 383 1034 421 10.

976 667 1040 704 11.

966 956 1031 994 12.

969 1240 1033 1278 13.

972 1525 1036 1562 14.

967 1810 1030 1847 15.

966 2093 1030 2132 16.

966 2376 1031 2414 17.

966 2660 1030 2698 18.

1065 379 1247 421 Katerva
1277 386 1438 420 matrum
1471 386 1650 430 personat

1069 439 1211 476 Collisa
1244 438 1386 476 deflens
1418 440 1589 488 pignora,

1070 497 1236 542 Quorum
1268 501 1452 544 tyrannus
1484 496 1588 534 milia

1070 552 1224 590 Christo
1257 554 1423 590 sacravit
1453 553 1658 593 victimam.

1068 662 1246 704 Lavacra
1277 666 1364 713 puri
1395 666 1554 713 gurgitis

1074 723 1259 760 Caelestis
1290 734 1408 770 agnus
1439 722 1578 770 attigit,

1074 780 1237 817 Peccata
1267 780 1330 826 qui
1361 779 1491 817 mundi
1523 779 1623 826 tulit,

1073 837 1152 874 Nos
1184 836 1374 874 abluendo
1405 836 1569 873 sustulit.

1063 952 1263 994 Miraculis
1296 956 1404 993 dedit
1434 954 1548 992 fidem

1065 1012 1219 1049 Habere
1250 1023 1290 1049 se
1322 1013 1442 1049 Deum
1475 1016 1635 1059 patrem,

1066 1068 1225 1106 Infirma
1257 1080 1394 1106 sanans
1427 1080 1589 1116 corpora

1068 1126 1118 1163 Et
1149 1126 1335 1163 suscitans
1368 1127 1567 1164 cadavera.

1066 1236 1214 1278 Novum
1248 1250 1364 1286 genus
1396 1240 1612 1286 potentiae!

1070 1298 1204 1343 Aquae
1236 1296 1440 1333 rubescunt
1471 1296 1632 1343 hydriae

1066 1354 1280 1400 Vinumque
1311 1353 1414 1391 iussa
1446 1351 1607 1390 fundere

1064 1411 1229 1448 Mutavit
1261 1410 1363 1447 unda
1393 1410 1591 1458 originem.

1071 1520 1169 1564 Orat¹
1200 1524 1360 1560 salutem
1393 1524 1543 1560 servulo

1069 1581 1192 1618 Nixus
1224 1591 1321 1627 genu
1353 1581 1535 1626 centurio,

1069 1637 1271 1676 Credentis
1303 1637 1421 1674 ardor
1451 1637 1636 1683 plurimus

1067 1694 1246 1732 Extinxit
1276 1694 1381 1741 ignes
1410 1692 1586 1733 febrium.

1063 1805 1207 1846 Petrus
1239 1817 1308 1854 per
1338 1807 1460 1844 undas
1493 1807 1663 1845 ambulat

1064 1864 1207 1903 Christi
1238 1865 1385 1901 levatus
1419 1864 1602 1913 dextera3

1064 1922 1212 1959 Natura
1243 1932 1354 1968 quam
1385 1925 1604 1968 negaverat,

1066 1979 1182 2016 Fides
1213 1978 1366 2025 paravit
1395 1978 1582 2016 semitam.

1064 2088 1213 2145 Quarta
1245 2092 1306 2129 die
1336 2091 1411 2128 iam
1445 2090 1612 2129 foetidus

1065 2149 1189 2185 Vitam
1217 2148 1363 2195 recepit
1393 2149 1560 2185 Lazarus

1061 2205 1273 2251 Mortisque
1303 2205 1403 2241 liber
1432 2205 1594 2241 vinculis

1062 2262 1203 2299 Factus
1242 2266 1436 2308 superstes
1469 2267 1527 2298 est
1557 2261 1643 2299 sibi.

1064 2371 1187 2413 Rivos
1219 2375 1364 2411 cruoris
1396 2374 1535 2412 torridi

1062 2433 1246 2470 Contacta
1276 2431 1391 2468 vestis
1422 2431 1600 2477 obstruit,

1064 2489 1175 2526 Fletu
1208 2488 1356 2534 rigante
1387 2488 1571 2536 supplicis

1064 2547 1187 2582 Arent
1217 2543 1356 2582 fluenta
1388 2544 1594 2592 sanguinis.

1065 2654 1221 2698 Solutus
1253 2658 1354 2694 omni
1384 2667 1543 2704 corpore

1064 2716 1192 2752 Iussus
1224 2718 1381 2762 repente
1412 2724 1567 2761 surgere

1064 2771 1149 2809 Suis
1181 2771 1347 2808 vicissim
1379 2771 1570 2818 gressibus

1062 2829 1189 2875 Aeger
1225 2827 1388 2866 vehebat
1419 2827 1613 2866 lectulum.
