1785 3111
768 77 1077 116 —518—

171 198 240 234 9a.
285 195 314 232 Ο
346 204 457 240 quam
489 191 582 229 felix
613 192 781 241 eremita,
990 192 1011 228 9
1032 190 1067 231 b,
1101 190 1214 228 Cuius
1245 191 1459 227 illustratur
1489 190 1571 228 vita

341 253 510 296 Quantae
540 249 600 286 vir
621 248 911 296 abstinentiae‚'
1160 248 1232 284 Tot
1262 245 1495 294 septiformis
1526 247 1682 294 gratiae,

396 307 513 353 Quam
531 305 649 342 sacris
662 305 810 352 pollens
823 305 887 342 do·
1197 304 1269 341 Tot
1278 304 1459 341 virtutum
1470 303 1680 351 insignibus
1699 304 1706 340 ἱ

616 361 731 409 tibus,

147 473 196 509 10
213 483 246 511 a.
288 472 332 508 In
363 481 435 517 quo
466 470 571 507 labes
603 469 780 506 vitiorum
963 470 1013 508 10
1032 469 1069 507 b.
1102 469 1174 506 Illa
1205 469 1320 506 vestis
1351 469 1582 516 angelorum,

344 527 460 564 Nulla
497 537 654 573 prorsus
686 525 887 568 laboravit,
1160 525 1365 572 Virginalis
1395 525 1583 572 ignoravit

401 583 474 622 Sed
489 593 647 620 naevum
660 582 923 619 immunditiae
1218 582 1370 619 Candor
1400 581 1648 619 innocentiae.

150 694 194 729 11
211 703 245 730 a.
287 691 452 728 Fructus
476 690 572 727 ditat
593 690 660 726 hos
682 694 741 726 ter
759 690 890 735 denus,
964 691 1010 728 11
1034 689 1069 728 b.
1103 690 1182 726 Nos
1214 700 1303 737 ergo
1334 689 1407 736 piis
1438 688 1614 736 precibus

289 748 378 786 Illos
410 758 500 784 vcro
532 757 753 794 sexagenus‚
1105 747 1195 783 Tuis
1227 750 1394 783 astantes
1425 745 1602 783 laudibus

285 805 401 842 Ornat
434 804 556 840 honor
585 808 622 839 te
657 807 834 840 centenus
1107 802 1218 840 Solve
1248 814 1434 840 noxarum
1466 802 1638 847 nexibus,

344 861 459 907 Caeli,
491 865 619 897 vatum
650 860 826 898 maxime.
1162 860 1313 907 Martyr
1342 858 1602 897 invictissime.

233 968 299 1007 Ep.
318 968 447 999 XXIX.
472 984 516 988 -—-
542 966 640 998 Oline
662 966 798 997 Anrede
823 966 882 997 des
902 966 1124 998 Adressaten.
1151 984 1194 988 ——
1220 967 1373 998 schluss:
1404 967 1572 1008 „Dilectis
1591 971 1706 997 autem

143 1014 309 1045 fratribus
336 1017 369 1044 et
394 1014 499 1043 sociis
525 1014 627 1050 meis,
662 1022 748 1053 qnos
776 1022 839 1052 ego
865 1012 982 1043 felices
1009 1016 1042 1042 et
1067 1013 1247 1043 unanimes
1274 1023 1349 1044 esse
1374 1012 1542 1050 desidero,
1568 1021 1707 1043 carmen

141 1061 239 1090 mitto
265 1059 483 1100 suppositum
508 1058 550 1089 de
583 1059 694 1088 sancti
720 1058 895 1098 baptistae
912 1056 1078 1088 Iohannis
1104 1059 1306 1089 imminente
1331 1058 1442 1089 natali
1467 1058 1707 1098 compositum,

142 1106 278 1136 noviter
313 1105 508 1144 expositum
541 1102 583 1142 (12
610 1102 801 1143 expolitum
813 1105 841 1142 ⁸3)
872 1103 914 1134 ab
945 1102 1072 1134 incude
1105 1103 1343 1134 meditationis
1377 1107 1411 1134 et
1443 1103 1708 1143 compositionis

139 1151 267 1191 vag-ina
292 1153 446 1181 recenter
471 1158 657 1191 egressum,
684 1148 787 1189 quod,
814 1152 851 1179 ut
873 1149 922 1179 eis
943 1151 1144 1189 praesentes
1164 1152 1197 1179 et
1216 1159 1273 1180 eos
1292 1159 1334 1180 ex
1352 1152 1449 1190 parte
1467 1158 1543 1179 mea
1562 1148 1704 1184 salutes,

144 1196 329 1237 plurimum
357 1195 557 1225 meminisse
583 1191 696 1224 volo‘·'.
722 1211 768 1214 ——
791 1194 895 1224 Mone
920 1194 983 1231 ΙΙΙ,
1009 1191 1053 1223 42
1080 1204 1112 1224 u.
1140 1194 1160 1224 f.

236 1239 316 1278 lla,
342 1237 362 1271 2
388 1241 604 1271 Hornat..—
632 1237 714 1277 lla,
739 1236 761 1269 4
786 1242 903 1270 natum
931 1240 1085 1270 maxime
1109 1236 1249 1278 (Mone).
1275 1256 1319 1261 —

573 1417 654 1454 354.
692 1419 772 1461 (11.)
809 1418 866 1452 De
893 1418 1034 1453 sancto
1062 1417 1276 1461 Lupentio.

418 1520 452 1557 1.
500 1519 653 1564 Martyr
683 1518 841 1564 insignis
873 1528 981 1554 sacer
1011 1520 1049 1553 et
1080 1517 1271 1564 sace1·dOS‚

501 1576 618 1620 Quem
648 1579 733 1611 tuae
765 1574 889 1611 laudis
920 1573 1159 1610 modulamur
1190 1573 1367 1619 hymnum

502 1632 674 1669 Blandus
705 1636 892 1680 acceptes,
928 1630 997 1667 tibi
1029 1630 1300 1677 supplicamus,

690 1689 827 1726 Sancte
858 1687 1036 1734 Lupenti.

420 1777 459 1834 εῦ-

505 1797 594 1833 Iura
624 1797 687 1842 qui
718 1801 875 1842 propter
906 1795 1058 1832 Domini
1090 1794 1226 1831 subisti

501 1852 674 1890 Carceris
706 1853 834 1889 tristes
865 1851 1043 1889 tenebras
1074 1851 1204 1899 iniqui,

502 1909 627 1955 Digna
658 1919 862 1956 perpessus
893 1909 992 1945 mala
1024 1908 1236 1945 criminosis

691 1966 857 2004 Crimine
888 1964 998 2002 liber.

507 2075 577 2121 Qui
608 2073 868 2111 Brunicbildis
899 2072 992 2108 solio
1024 2070 1212 2117 superbae

508 2130 734 2177 Sanguinem
766 2130 905 2166 iustum
936 2128 1087 2164 sitiente
1119 2126 1222 2163 ferro

511 2188 649 2224 Caesus
680 2187 821 2224 invicto
852 2185 1022 2222 bravium
1054 2183 1185 2231 petisti

691 2243 827 2281 Mortis
856 2252 988 2289 agone,

423 2076 461 2114 ,ΟΒ

421 2353 460 2390 4.
506 2351 603 2388 Dum
639 2361 786 2388 sacrum
818 2360 890 2387 non
923 2359 962 2385 es
994 2352 1108 2395 caput
1139 2347 1344 2384 exsecratis

505 2407 580 2444 Pro
610 2406 686 2444 fide
718 2417 830 2444 verae
860 2406 1002 2443 veritus
1034 2404 1167 2442 salutis

508 2463 680 2501 Perfidos
712 2467 863 2500 vertens
897 2463 1000 2508 dare,
1033 2461 1205 2498 veritatis

694 2521 815 2558 Verus
846 2524 1006 2558 amator.

430 2630 466 2666 5.
514 2627 576 2664 Ad
609 2628 702 2664 duas
733 2630 861 2673 partes
894 2627 967 2664 duo
998 2625 1095 2662 mira
1124 2624 1238 2661 fiunt:

506 2684 680 2720 Alterum
711 2684 890 2729 princeps
923 2685 1035 2728 caput
1066 2690 1175 2718 amne
1205 2689 1369 2715 mersum

507 2740 690 2777 Reddidit
723 2740 809 2787 luci,
844 2739 931 2776 tulit
961 2738 1062 2775 unda
1094 2747 1230 2782 corpus

696 2796 871 2833 Pondere
901 2805 1085 2842 pressum.
