1785 3111
699 70 977 110 —77-

261 185 398 224 Mollia
429 194 662 232 purpureum
693 184 854 233 pingunt
887 185 1047 222 violaria
1076 195 1262 231 campum,

321 242 437 279 Prata
468 242 593 278 virent
622 241 761 291 herbis,
797 241 931 278 emicat
965 242 1082 278 herba
1114 241 1242 279 comis.

263 299 454 337 Paulatim
487 298 646 335 subeunt
680 298 865 335 stillantia
897 299 1039 335 lumina
1069 297 1203 335 florum

321 355 584 402 Arridentque
616 354 735 391 oculis
767 355 938 402 gramina
968 356 1088 392 tincta
1118 355 1208 393 suis.

159 415 211 451 15
265 412 415 450 Semine
448 411 622 458 deposito
653 412 798 448 lactans
830 423 937 459 seges
969 411 1077 448 exilit
1107 412 1220 451 arvis,

321 469 520 515 Spondeus
552 469 742 515 agricolae
774 469 926 506 vincere
957 479 1068 515 posse
1099 468 1249 506 famem.

263 526 432 565 Caudice
465 526 618 562 desecto
650 525 824 562 lacrimat
855 537 921 562 sua
952 525 1091 572 gaudia
1124 526 1281 572 palmeS,

321 583 433 621 Unde
464 593 606 619 merum
639 582 794 629 tribuat,
828 583 893 619 dat
923 582 1035 619 modo
1067 582 1154 619 vitis
1186 593 1332 629 aquam.

265 639 416 678 Cortice
449 640 496 676 de
527 639 659 676 matris
690 643 821 676 tenera
851 639 1028 685 lanugine
1058 650 1216 685 surgens

161 697 212 734 20
322 697 535 743 Praeparat
565 696 612 733 ad
646 700 795 742 partum
829 695 982 742 turgida
1012 706 1159 742 gemma
1189 696 1323 733 sinum.

261 753 451 800 Tempore
482 752 550 789 sub
582 752 716 788 hiemis
748 751 924 789 foliorum
958 753 1061 788 crine
1092 753 1244 789 revulso

321 811 402 848 Iam
433 813 588 856 reparat
620 809 790 846 viridans
824 807 983 845 frondea
1015 813 1116 845 tecta
1145 820 1290 849 nemuS.

261 867 406 914 Myrta,
438 866 550 912 salix,
581 866 698 915 abies,
734 866 897 913 corylus,
930 866 1033 911 siler,
1064 866 1187 903 ulmus
1219 877 1391 913 acernus,

318 923 475 961 Plaudit
504 933 676 969 quaeque
707 923 784 959 suis
816 923 930 959 arbor
960 934 1116 959 amoena
1148 924 1276 959 comis.

161 981 211 1019 25
265 980 531 1018 Construitura
562 978 669 1016 favos
700 991 791 1026 apes
823 979 910 1016 hine
940 980 1108 1017 alvearia
1138 980 1312 1026 linquens

323 1036 504 1074 Floribus
536 1036 785 1083 instrepitans
817 1036 963 1084 poplite
993 1037 1107 1074 mella
1138 1038 1251 1083 rapit.

262 1094 326 1131 Ad
357 1098 491 1131 cantus
522 1099 722 1130 revocatur
752 1094 845 1139 avis,
879 1104 974 1140 quae
1006 1094 1173 1131 carmine
1204 1095 1331 1131 clauso

321 1150 470 1198 Pigrior
501 1149 660 1187 hiberno
692 1149 833 1197 frigore
865 1155 969 1187 muta
1000 1150 1083 1189 fuit.

263 1207 365 1244 Hinc
395 1207 613 1254 philomena
644 1207 720 1244 suis
752 1212 982 1254 attemperat
1013 1219 1154 1255 organa
1183 1207 1326 1256 cannis,

161 1265 211 1302 30
321 1264 462 1311 Fitque
493 1274 717 1310 repercusso
751 1265 899 1301 dulcior
928 1276 1022 1302 aura
1051 1265 1162 1302 melo.

263 1322 378 1369 Ecce,
412 1321 645 1358 renascentis
676 1325 840 1358 testatur
870 1322 992 1368 gratia
1021 1321 1151 1358 mundi

326 1379 461 1417 Omnia
493 1389 575 1414 cum
609 1378 771 1414 Domino
803 1379 901 1415 dona
933 1379 1079 1416 redisse
1110 1389 1190 1416 suo.

265 1436 443 1482 Namque
474 1435 726 1481 triumphanti
758 1441 844 1481 post
876 1436 1001 1472 tristia
1031 1439 1177 1472 tartara
1209 1434 1360 1473 Christo

323 1492 501 1539 Undique
532 1490 669 1528 fronde
699 1502 842 1538 nemus,
874 1493 1047 1541 gramina
1075 1491 1168 1529 flore
1199 1492 1340 1530 favent.

163 1550 214 1587 35
267 1549 433 1596 Legibus
463 1547 605 1585 inferni
636 1550 830 1595 oppressis
862 1560 977 1595 super
1006 1554 1110 1587 astra
1142 1554 1327 1585 meantem

324 1605 504 1643 Laudant
534 1606 606 1642 rite
636 1605 758 1643 Deum
790 1607 868 1653 lux,
900 1607 1023 1653 polus,
1057 1618 1160 1653 arva,
1193 1604 1345 1643 fretum.

266 1664 337 1710 Qui
370 1661 574 1699 crucifixus
606 1666 699 1708 erat,
732 1663 845 1713 Deus,
880 1674 977 1713 eece,
1011 1674 1081 1709 per
1110 1663 1236 1700 omnia
1267 1666 1412 1710 regnat,

322 1720 499 1766 Dantque
531 1720 692 1756 creatori
726 1725 861 1757 cuncta
893 1725 1020 1757 creata
1051 1730 1215 1766 precem.

262 1777 390 1823 Salve,
425 1776 523 1813 festa
556 1776 649 1819 dies,
683 1780 762 1813 toto
792 1777 1020 1814 venerabilis
1051 1787 1156 1825 aevo,

158 1835 211 1872 40
324 1834 406 1880 Qua
436 1833 539 1870 Deus
570 1832 761 1870 infernum
793 1834 884 1871 vicit
915 1839 951 1870 et
982 1838 1085 1871 astra
1116 1837 1231 1871 tenet.

261 1890 455 1928 Nobilitas
486 1890 587 1937 anni,
621 1901 789 1927 mensum
822 1891 948 1941 decus,
985 1902 1090 1928 arma
1123 1891 1282 1938 dierum,

318 1947 508 1984 Horarum
541 1947 724 1995 splendor
754 1948 924 1994 scripula
954 1952 1094 1994 puncta
1127 1946 1269 1986 fovent.

262 2004 366 2041 Hinc
396 2003 467 2040 tibi
500 2004 596 2041 silva
627 2005 743 2040 comis
774 2005 936 2051 plaudit,
971 2005 1058 2041 hinc
1089 2016 1243 2052 campus
1275 2003 1415 2050 aristis,

316 2061 418 2098 Hinc
449 2065 575 2108 grates
607 2061 725 2098 tacito
756 2062 912 2108 palmite
945 2063 1031 2099 vitis
1062 2063 1154 2110 agit.

157 2120 208 2157 45
262 2117 302 2155 Si
334 2117 403 2155 tibi
435 2128 533 2154 nunc
564 2118 686 2155 avium
720 2123 899 2155 resonant
931 2119 1096 2166 virgulta
1128 2129 1295 2166 susurro,

318 2175 398 2212 Has
430 2175 531 2211 inter
560 2175 735 2211 minimus
767 2186 901 2221 passer
931 2186 1059 2212 amore
1091 2186 1197 2212 cano.

263 2232 424 2280 Christe,
459 2232 561 2268 salus
592 2242 730 2282 rerum,
765 2232 861 2269 bone
894 2233 1069 2269 conditor
1099 2236 1212 2278 atque
1243 2232 1478 2279 redemptor,

318 2288 440 2326 Unica
471 2289 672 2335 progenies
704 2299 749 2325 ex
782 2289 924 2326 deitate
955 2289 1088 2336 patris,

262 2345 558 2382 irrecitabiliter
588 2356 744 2382 manans
779 2347 825 2382 de
857 2346 972 2383 corde
1001 2345 1185 2392 parentis,

161 2403 210 2440 50
322 2402 488 2439 Verbum
519 2402 729 2439 subsistens
760 2407 796 2439 et
828 2407 1029 2450 penetrare
1060 2408 1208 2449 potens,

259 2459 456 2508 Aequalis,
490 2469 660 2506 concors,
694 2459 817 2496 socius
850 2471 931 2496 cum
963 2464 1073 2506 patre
1105 2469 1279 2506 coaevus,

320 2516 399 2561 Quo
432 2516 593 2562 sumpsit
624 2516 785 2553 mundus
817 2517 991 2563 principe
1022 2517 1267 2563 principium,

260 2573 430 2609 Aethera
461 2573 673 2621 suspendis,
709 2573 789 2610 sola
820 2573 1005 2621 congeris,
1033 2583 1198 2620 aequora
1229 2571 1370 2618 fundis,

321 2630 498 2676 Quaeque
529 2629 622 2666 locis
653 2629 838 2677 habitant,
871 2641 943 2676 quo
974 2630 1195 2667 moderante
1224 2630 1365 2676 vigent,

159 2686 209 2723 55
258 2685 327 2732 Qui
361 2697 478 2732 genus
509 2686 712 2722 humanum
744 2696 901 2723 cernens
932 2687 1108 2723 mersisse
1138 2685 1342 2735 profundo,

326 2742 379 2780 Ut
407 2742 594 2784 hominem
626 2743 806 2790 eriperes,
838 2753 877 2779 es
908 2754 1054 2790 quoque
1085 2742 1208 2780 factus
1238 2743 1362 2780 homo.

263 2798 347 2835 Nec
377 2799 530 2836 voluisti
563 2800 701 2836 etenim
734 2804 879 2836 tantum
909 2805 945 2836 te
977 2810 1138 2847 corpore
1167 2801 1286 2848 nasci,

324 2855 400 2893 Sed
431 2867 532 2904 caro,
565 2866 661 2902 quae
693 2856 808 2905 nasci,
842 2857 999 2902 pertulit
1029 2862 1141 2902 atque
1171 2857 1280 2894 mori.
