1785 3111
419 195 455 234 3.

397 2104 464 2141 10.

405 2376 469 2414 11.

404 2637 469 2674 12.

754 100 808 104 —
870 76 949 116 168
1009 100 1064 103 —

488 192 604 239 Virgo
636 196 820 238 conceptu
851 191 1074 238 gravidatur
1103 191 1214 241 almo,

490 248 695 295 Coniugum
725 252 850 285 mutae
881 248 1106 294 sterilesque
1137 247 1255 284 fibrae

489 305 568 343 Iam
601 305 729 353 vigent
760 305 867 341 donis
897 305 1006 353 uteri,
1040 304 1245 351 prophetat

678 360 841 398 Carcere
873 358 991 399 vates,

494 464 745 511 Splendidam
778 464 872 501 caeli
904 463 1067 501 faculam
1102 462 1253 508 dedere,

490 521 615 559 Movit
645 521 821 558 ardorem
853 531 963 557 sacra
994 520 1058 556 lux
1090 530 1295 566 magorum,

493 578 686 617 Territant
718 588 869 614 saevam
901 588 998 614 nova
1028 577 1253 613 Iudaeorum

678 634 821 671 Nuntia
851 634 1014 680 plebem.

450 767 458 775 .
495 737 587 775 Sera
618 737 823 784 longaevus
855 736 1005 773 Simeon
1035 735 1202 773 videndo

492 795 592 832 Vota
623 798 698 830 tam
731 794 841 840 longe
874 794 979 840 prius
1013 793 1220 839 expetitam

493 851 696 889 Praedicat
729 851 872 887 cunctis
903 849 1057 887 Domini
1089 849 1247 886 salutem

681 907 805 944 Patris
836 907 982 944 adesse.

455 1040 463 1048 .
497 1011 610 1048 Anna
641 1009 713 1046 iam
748 1013 838 1046 natu
869 1009 1033 1056 gravior,
1067 1012 1223 1054 repente

494 1066 607 1104 Lucis
639 1070 785 1103 attactu
816 1070 1017 1112 penetrata
1053 1070 1222 1111 sanctae,

493 1124 599 1170 Quod
635 1123 699 1160 (liu
730 1123 846 1159 traxit
878 1123 1086 1159 toleranter
1116 1133 1260 1171 aevum,

680 1180 799 1217 Laeta
831 1179 990 1227 peregit.

454 1314 462 1323 .
493 1284 707 1330 Martyrum
740 1280 851 1319 flores
884 1280 986 1317 ferus
1018 1281 1269 1328 interemptor

494 1340 653 1377 Milibus
685 1339 813 1375 multis
845 1338 956 1375 avide
990 1349 1159 1374 cruorem

496 1397 721 1442 Quaeritans
756 1395 897 1433 Christi
931 1395 1076 1431 cruciat
1106 1395 1293 1442 malignae

680 1453 839 1499 Frigore
872 1453 1020 1492 mentis.

454 1586 461 1594 .
496 1556 601 1603 Ergo
631 1566 741 1601 quam
770 1558 923 1591 nostrae
956 1558 1069 1600 caput
1099 1553 1264 1600 optionis

493 1613 675 1650 Novimus
706 1612 826 1647 lucem
860 1611 1053 1647 celebrare
1084 1610 1206 1657 plenis

497 1670 669 1713 Gaufflis,
703 1669 804 1706 omui
836 1668 1054 1704 studeamus
1086 1668 1207 1704 almae

682 1726 791 1763 Pacis
824 1736 964 1761 amore.

498 1829 634 1865 Editus
666 1839 773 1864 sacro
805 1827 926 1873 patris
958 1837 1022 1862 ore
1062 1836 1211 1872 semper

502 1885 668 1932 Virginis
700 1890 804 1921 casta
836 1883 953 1921 voluit
986 1883 1055 1919 sub
1087 1883 1172 1920 alvo

498 1944 596 1980 Arta
628 1946 787 1978 naturae
819 1941 983 1977 tolerare
1014 1938 1136 1976 factor

684 1998 817 2035 Munia
845 2002 1010 2036 nostrae,

498 2102 614 2147 Virgo
646 2105 861 2149 portantem
893 2099 1111 2136 veneranda
1143 2103 1282 2145 portat,

502 2160 636 2195 Lactat
666 2158 839 2201 altorffln,
873 2157 974 2193 vellit
1008 2160 1044 2192 et
1073 2161 1283 2202 parentem,

502 2216 647 2262 Spiritu
679 2225 891 2261 praegnans
920 2213 1114 2259 operantis
1144 2213 1181 2249 in
1214 2224 1254 2249 se

686 2271 811 2308 Mater
838 2281 1019 2316 opusque.

503 2374 653 2410 Veritas
685 2377 785 2409 terra
819 2373 1015 2418 pietasque
1047 2374 1134 2407 nata
1167 2374 1235 2413 est,

502 2431 620 2468 Solvit
654 2435 691 2465 et
722 2430 868 2476 primae
899 2428 1179 2465 maledictionis

500 2488 662 2535 Damna,
695 2498 764 2532 pro
796 2485 915 2532 spinis
946 2484 1171 2530 tribulisque
1203 2482 1367 2519 fructum

687 2543 807 2579 'serra
836 2542 1038 2581 ministrat.

502 2636 666 2673 Fructus
699 2633 759 2669 hic
790 2637 915 2669 terrae
947 2632 1052 2678 prius
1084 2643 1105 2668 a
1136 2630 1325 2678 propheta

501 2691 625 2728 Valde
657 2689 828 2725 sublimis
860 2688 929 2725 fuit
962 2688 1164 2737 indicatus,

512 2748 582 2794 Qui
611 2757 742 2793 greges
774 2750 924 2783 sanctos
956 2750 1128 2782 saturare
1160 2745 1244 2782 vivo

690 2804 790 2840 Pane
819 2802 977 2840 valeret.
