1785 3111
0 2618 3 2686 ὲ

0 2694 2 2739 r

0 2880 10 3111 ᾗ

689 91 983 132 —305—

139 203 181 234 In
207 203 234 233 B
251 203 322 235 und
339 203 366 235 C
391 203 477 235 wird
501 203 562 235 der
578 203 739 244 Hymnm
761 205 963 238 bezeichnet
989 206 1041 238 als
1069 208 1260 248 „Leonis
1286 206 1469 249 papae“,
1497 210 1615 240 womit

48 258 114 279 nur
137 248 210 280 Leo
238 249 300 280 IX.
325 250 477 291 gemeint
501 250 578 280 sein
602 249 708 288 kann,
735 261 778 282 zu
803 250 927 283 dessen
951 252 1081 284 Metrik
1106 253 1167 285 der
1189 254 1360 294 Hymnus,
1387 263 1424 284 so
1443 255 1507 286 wie
1525 255 1614 287 ABG

48 293 110 324 ihn
134 294 261 332 bieten,
287 294 429 325 stimmt.
476 295 560 326 Man
587 296 741 327 erinnert
765 296 839 327 sich
864 298 1064 338 angesichts
1090 299 1151 330 der
1177 299 1325 338 Quellen
1349 299 1612 331 unwillktirlich

47 349 92 370 an
116 338 181 371 den
206 339 479 381 unfreiwilligen
504 340 709 372 Aufenthalt
732 341 845 373 dieses
862 343 1010 384 Papstes
1035 344 1072 374 in
1091 346 1277 379 Benevent,
1305 355 1357 375 wo
1384 355 1420 376 er
1444 345 1533 376 auch
1550 345 1612 376 das

46 384 345 416 Weihnachtsfest
371 382 457 416 1053
484 385 622 425 feierte,
656 386 718 417 das
744 387 924 419 vielleicht
948 399 990 420 zu
1015 388 1145 420 diesem
1172 390 1334 430 Hymnus
1359 390 1482 421 Anlass
1507 391 1611 422 ward.

45 430 124 472 vgl.
154 430 254 462 Anal.
281 431 414 468 xxm,
444 428 494 463 13.

417 564 499 601 238.
533 564 592 607 (3.)
625 565 810 601 Rithmus
835 576 964 611 papae
991 567 1136 603 Leonis
1166 568 1239 603 IX.

61 660 96 698 1.
129 659 159 696 O
192 664 303 706 pater
333 659 437 695 Deus
468 663 635 707 aeterne,

189 717 236 753 de
268 716 394 765 caelis,
428 715 622 760 altissime,

127 773 289 819 Respice-
319 773 504 809 iacentem
537 772 664 808 multis

184 829 419 876 perforatum
451 829 597 874 iaculis,

126 886 364 933 Singultibus
394 887 433 922 in
464 885 642 922 extremis

181 943 435 989 suspirantem
466 941 622 979 ultimis.

54 1035 91 1074 2.
124 1035 263 1071 Invoco
293 1036 343 1083 te,
376 1033 464 1070 Iesu
494 1031 656 1078 Christe,

178 1089 232 1126 fili
266 1090 387 1137 patris
418 1089 540 1135 unice,

124 1147 192 1186 Cui
225 1146 573 1194 consubstantialis,

181 1204 322 1241 deitate
354 1203 501 1248 similis,

120 1261 268 1300 Pietate
299 1259 423 1298 factus
456 1260 564 1296 homo

177 1318 336 1364 virginis
366 1317 413 1354 ab
445 1322 564 1355 utero.

50 1412 86 1448 3.
119 1409 358 1447 Advocatum
390 1413 428 1444 te
458 1407 629 1457 subnixe,

177 1465 341 1512 Spiritus
373 1465 570 1511 paraclite,

117 1523 394 1560 Procedentem
427 1521 473 1558 ab
505 1528 678 1568 utroque,

172 1579 314 1626 flagito,
347 1579 596 1624 sanctissime,

121 1638 196 1674 Per
226 1641 264 1673 te
294 1641 441 1682 patrem
473 1634 666 1682 filiumque

176 1694 326 1731 credam
359 1693 460 1730 omni
491 1697 676 1738 tempore.

47 1789 85 1826 4.
118 1787 226 1826 Unus
260 1796 300 1821 es
330 1785 368 1820 in
397 1783 582 1830 trinitate,

173 1844 294 1880 trinus
325 1852 420 1877 unus
452 1840 623 1889 Domine,

115 1900 342 1937 Fabricator
372 1897 601 1943 sempiterne

172 1955 308 2007 [trinae
338 1955 469 1991 mundi
499 1951 726 2004 machinae],

113 2013 278 2060 Lapsum
311 2013 422 2049 stude
452 2009 676 2060 reformare,

171 2074 403 2117 prostratum
436 2069 595 2115 erigere.

41 2162 78 2199 5.
110 2161 206 2210 Heii,
237 2161 351 2197 miser
380 2171 451 2206 per
480 2163 678 2205 peccatum

167 2218 308 2254 attraxi
339 2217 550 2264 exordium,

110 2275 154 2311 In
186 2275 353 2320 peccatis
383 2285 465 2311 sum
497 2276 700 2319 conceptus

165 2336 366 2378 parentum
398 2329 618 2375 sceleribus,

110 2388 211 2425 Huic
240 2392 350 2424 natus
380 2388 587 2435 luctuosae,

163 2445 258 2491 proh
291 2445 413 2490 dolor,
446 2443 634 2480 miseriae.

40 2534 76 2573 6.
109 2535 169 2572 Ex
197 2547 268 2583 qno
299 2540 410 2573 natus
440 2536 559 2572 visum
591 2535 688 2584 cepi,

165 2593 334 2629 auditum
367 2592 525 2639 obtinui,

109 2648 280 2696 Tactum,
314 2657 475 2697 gustum,
507 2649 705 2686 odoratum

164 2716 187 2742 a
216 2710 266 2754 te,
299 2705 422 2743 factor
450 2706 627 2751 omnium,

107 2761 262 2799 Talibus
295 2763 437 2800 ditatus
469 2762 587 2812 donis,

161 2819 288 2855 studui
319 2820 510 2857 lasciviae.

89 2885 135 2910 Dr
143 2895 159 2912 e
168 2894 188 2911 v
196 2895 212 2913 e
221 2895 235 2913 s
245 2910 251 2919 ‚
277 2888 482 2914 Lateinische
508 2887 800 2920 Hymnendichter.

909 661 944 699 7.
978 660 1206 698 Beneficium
1239 664 1386 711 accepi,

1033 729 1106 754 non
1135 728 1305 766 servans,
1339 726 1378 755 ut
1412 720 1537 763 debui,

973 774 1049 812 Sed
1080 785 1259 820 perverse
1294 776 1508 814 errabunda

1029 831 1219 868 destruxit
1250 830 1418 881 infamia,

969 888 1076 934 Quod
1106 888 1156 925 ad
1188 887 1324 925 bonum
1359 890 1486 926 datum
1519 889 1607 937 fuit,

1025 945 1064 981 in
1094 945 1234 981 malum
1265 956 1305 982 se
1337 948 1508 987 contulit.

901 1035 938 1074 8.
971 1035 1108 1082 Sicque
1139 1037 1345 1073 crescendo
1368 1038 1604 1090 decrescens,

1029 1093 1146 1128 multa
1177 1093 1275 1129 mala
1307 1105 1506 1140 peragens,

969 1149 1073 1195 Quae
1104 1159 1162 1185 me
1193 1150 1297 1186 vexit
1324 1156 1401 1187 tum
1423 1163 1603 1197 perversa

1024 1206 1190 1253 gravitas
1222 1206 1396 1254 infantia,

966 1263 1076 1300 Hanc
1108 1269 1192 1309 post
1225 1264 1297 1300 sibi
1330 1264 1534 1303 effraenata

1025 1321 1125 1366 capit
1156 1321 1334 1366 pueritia.

895 1411 931 1447 9.
964 1410 1202 1448 Adulescens
1235 1414 1455 1458 perpetravi

1022 1468 1133 1513 mala,
1165 1479 1335 1515 quaeque
1365 1471 1481 1520 potui,

969 1523 1118 1566 Verbis,
1153 1524 1277 1574 factis,
1311 1531 1410 1563 totus
1441 1526 1575 1564 foedus

1026 1582 1332 1631 cogitationibus,

968 1637 1070 1675 Vitia
1101 1639 1156 1675 sic
1187 1650 1268 1675 sum
1300 1640 1467 1676 lucratus

1023 1696 1138 1732 miser
1168 1707 1237 1742 pro
1270 1697 1485 1736 virtutibus

865 1785 929 1825 10.
963 1786 1163 1823 Iuventute
1194 1787 1267 1824 iam
1301 1788 1527 1825 constrictus

1017 1844 1180 1889 patratis
1212 1844 1417 1881 sceleribus

963 1899 1165 1937 Catenatus
1198 1912 1279 1937 sum
1310 1901 1488 1938 inductus

1018 1967 1149 1994 servus
1181 1965 1222 1994 ut
1253 1958 1448 2003 emptitius

961 2013 1113 2061 Voleus‚
1146 2015 1276 2051 nolens
1307 2026 1376 2061 per
1408 2016 1559 2053 diversa

1018 2077 1144 2108 reatus
1178 2070 1360 2109 facinora.

861 2161 924 2199 11.
958 2162 1071 2201 Unde
1102 2173 1237 2209 magna
1269 2173 1351 2198 cum
1375 2164 1528 2211 virtute,

1015 2219 1099 2268 heu,
1133 2220 1240 2267 coepi
1273 2219 1447 2268 deficere,

956 2277 1100 2312 Amans
1122 2277 1275 2321 malum,
1306 2276 1428 2313 vitans
1451 2276 1588 2314 bonum

1015 2333 1267 2379 deserensque
1298 2334 1494 2381 optimum,

955 2390 1140 2436 Mensque
1172 2389 1243 2426 fuit
1275 2391 1420 2427 ruitura

1010 2456 1080 2492 per
1109 2457 1278 2493 quaeque
1307 2445 1464 2494 flagitia.

862 2538 926 2576 12.
957 2538 1039 2575 Iam
1069 2542 1159 2574 tunc
1191 2538 1299 2584 coepi
1331 2537 1496 2584 cogitare

1014 2595 1164 2631 saeculo
1195 2605 1254 2630 me
1286 2595 1439 2631 tradere

955 2651 1149 2688 Delectari
1182 2657 1294 2697 atque
1327 2653 1405 2687 eius

1010 2707 1325 2745 oblectationibus

953 2765 1130 2802 Adversa
1159 2775 1229 2801 nec
1259 2765 1338 2800 ulla
1368 2765 1515 2811 timens,

1010 2822 1169 2858 salutem
1201 2821 1427 2867 despiciens

838 2889 882 2917 11.
1336 2884 1380 2917 20
