1785 3111
759 97 814 100 —
874 73 956 114 204
1013 97 1069 100 -—

492 189 557 228 13.
603 188 687 225 Hoc
718 187 910 234 hymnista
941 199 1091 225 carmen
1123 187 1230 225 offert

663 254 810 290 pauper
840 244 961 292 vobis,
993 248 1195 292 martyres,

608 301 888 347 Qualecumque
919 302 981 349 sit,
1013 305 1144 339 tenere

665 368 796 394 servus
828 361 954 394 vester
984 357 1134 396 obtulit.

221 459 403 488 Browerus
423 468 454 498 p.
472 454 513 488 81
534 467 603 498 sq.3
632 457 812 488 Diimmler
829 458 874 495 ΙΙ,
899 455 966 489 235
984 468 1034 499 sq.
1055 476 1097 480 -—
1117 455 1147 495 2,
1176 455 1191 488 1
1211 458 1315 496 Quot.
1333 474 1378 479 —-
1395 454 1426 495 8,
1447 455 1461 487 1
1483 467 1635 488 serenus.
1653 475 1696 479 —

135 501 185 541 11,
216 502 229 534 1
259 513 411 534 serenus.
438 522 479 525 —
509 500 560 540 10,
586 500 607 533 3
633 503 718 534 Post
742 513 871 534 serens.

412 636 493 672 153.
532 636 612 679 (22.)
649 636 694 670 In
719 636 851 672 Pestis
876 636 1145 680 plurimorum
1169 636 1406 680 Martyrum.

338 732 372 769 1.
423 730 648 767 Sanctorum
682 730 829 767 meritis
860 730 993 767 inclita
1024 730 1162 777 gaudia

421 787 647 836 Pangamus‚
680 787 786 833 socii,
819 792 999 834 gestaque
1031 786 1159 833 fortia,

420 844 517 881 Nam
548 844 675 892 gliscit
705 844 852 880 animus
884 854 1060 891 promere
1092 844 1265 880 cantibus

583 901 780 938 Victorum
811 911 928 947 genus
960 901 1156 947 optimum.

335 1004 373 1039 9.
420 1002 471 1038 Hi
503 1006 603 1048 sunt,
637 1013 728 1048 quos
760 1001 928 1038 retinens
961 1002 1122 1038 mundus
1153 1001 1354 1051 inhorruit,

423 1060 553 1104 Ipsum
585 1070 671 1096 nam
705 1058 826 1094 sterili
857 1058 949 1094 flore
980 1059 1202 1105 peraridum

420 1115 609 1162 sprevere
639 1116 789 1162 penitus
822 1119 933 1161 teque
965 1115 1085 1151 secuti
1117 1119 1217 1163 sunt,

586 1173 668 1209 Rex
702 1171 853 1210 Christe
886 1172 995 1218 boue,
1029 1172 1201 1210 caelitus,

335 1276 372 1311 3.
419 1273 468 1310 Hi
501 1285 571 1320 pro
602 1278 640 1310 te
672 1272 791 1310 furias
821 1277 934 1320 atque
967 1273 1109 1310 ferocia

420 1331 625 1379 Calcarunt
655 1330 846 1366 hominum
878 1340 1067 1376 saevaque
1095 1329 1267 1377 verbera,

420 1387 542 1426 Cessit
574 1387 632 1424 his
664 1387 837 1424 lacerans
870 1386 1022 1425 fortiter
1052 1387 1193 1435 ungula

585 1443 666 1481 Nec
699 1444 842 1490 carpsit
873 1444 1098 1490 penetralia.

333 1550 371 1584 4.
423 1546 643 1583 Caeduntur
674 1546 823 1595 gladiis,
857 1557 961 1583 more
992 1546 1204 1582 bidentium

420 1603 506 1639 Non
537 1614 706 1639 murmur
737 1608 900 1652 resonat,
935 1614 1008 1639 non
1040 1602 1309 1651 quaerimonia,

419 1660 496 1697 Sed
529 1660 644 1697 corde
675 1661 792 1696 tacito
824 1670 928 1696 mens
961 1659 1056 1696 bene
1089 1659 1239 1695 conscia

585 1716 793 1753 Conservat
823 1716 1058 1763 patientiam.

335 1822 371 1856 5.
418 1820 520 1863 Quae
553 1829 640 1867 vox,
674 1828 770 1864 quae
798 1819 938 1864 poterit
970 1818 1098 1864 lingua
1130 1821 1316 1861 retexere,

418 1876 520 1920 Quae
549 1879 590 1911 tu
620 1875 852 1920 martyribus
884 1885 1040 1911 munera
1072 1873 1307 1920 praeparas?

417 1931 540 1969 Rubri
572 1942 656 1967 nam
689 1930 808 1968 fluido
840 1932 1021 1978 sanguine
1052 1931 1192 1967 laureis

584 1988 769 2025 Ditantur
798 1988 893 2024 bene
925 1986 1092 2035 fulgidis.

332 2091 368 2129 6.
419 2089 486 2137 Te,
519 2089 621 2125 trina
654 2089 775 2125 deitas
806 2099 966 2137 unaque,
999 2089 1201 2135 poscimus⁷

417 2147 470 2184 Ut
501 2146 632 2192 culpas
664 2145 808 2193 abluas,
842 2146 954 2182 noxia
985 2145 1200 2189 subtrahas,

421 2202 498 2239 Des
530 2213 661 2248 pacem
694 2201 857 2249 famulis,
892 2213 959 2238 nos
992 2212 1139 2248 quoque
1170 2202 1327 2249 gloriam

590 2260 663 2296 Per
695 2263 829 2295 cuncta
862 2258 930 2295 tibi
961 2259 1125 2296 saecula.

217 2347 326 2378 Psalt.
353 2351 386 2378 et
412 2347 529 2387 hymn.
556 2359 617 2379 ms.
644 2348 906 2389 Anglicanum
904 2358 991 2379 aec.
1017 2345 1088 2378 9l10
1129 2347 1212 2379 Cod.
1239 2347 1349 2378 Vatic.
1376 2348 1460 2389 Reg.
1486 2344 1562 2378 338.
1588 2347 1628 2377 Α.
1649 2363 1692 2367 -

126 2393 254 2433 Hymn.
282 2403 343 2424 ms.
371 2394 563 2424 Casinense
589 2404 678 2425 saec.
707 2392 758 2424 10.
808 2393 890 2425 Cod.
919 2393 1079 2424 Casinen.
1106 2391 1182 2424 506.
1209 2393 1248 2423 B
1271 2393 1401 2424 —Rit.
1429 2395 1462 2423 et
1486 2392 1602 2431 hymn.
1629 2402 1679 2422 ms

126 2437 396 2469 Scheftlariense
429 2448 518 2469 s.aec
556 2437 606 2470 10.
657 2439 741 2470 (31111.
776 2440 955 2470 Monacen.
986 2436 1112 2469 17072.
1139 2440 1176 2469 C.
1203 2456 1247 2458 —
1271 2439 1317 2468 wi
1321 2443 1412 2478 11111
1450 2440 1483 2469 et
1508 2437 1690 2468 Collectar.

126 2494 186 2514 ms.
215 2484 248 2515 S.
275 2485 408 2514 Mariae
435 2484 630 2526 Irisingen.
659 2494 747 2515 saec.
777 2482 828 2515 10.
871 2484 956 2515 Cim.
982 2484 1164 2515 Monaeen.
1192 2480 1320 2514 27305.
1344 2484 1384 2514 D.
1403 2500 1445 2504 -—
1464 2483 1606 2514 Collect.
1629 2493 1691 2516 ms,

127 2531 160 2559 S.
197 2530 381 2560 Maximini
415 2529 593 2560 Treviren.
633 2540 723 2561 saec.
758 2527 809 2560 10.
868 2529 950 2560 Cod.
983 2529 1164 2559 Treviren.
1199 2526 1275 2560 592.
1310 2528 1351 2559 Ε.
1390 2545 1428 2549 --
1464 2528 1592 2569 Hymn.
1632 2538 1691 2558 mS.

124 2574 379 2605 Moissiacense
404 2584 493 2605 saec.
514 2572 566 2605 10.
608 2575 691 2607 Cod.
717 2576 878 2606 Bossian.
906 2576 993 2606 VIII
1022 2572 1094 2605 144.
1118 2575 1154 2605 F.
1174 2592 1215 2596 -
1234 2575 1362 2614 Hymn.
1390 2584 1450 2605 ms.
1471 2573 1503 2604 S.
1523 2573 1691 2604 Iohannis

126 2620 386 2657 Laudunen.(‘?)
411 2629 502 2650 saec.
524 2618 573 2650 10.
614 2620 697 2652 Cod.
724 2621 871 2651 Bel-nen.
896 2618 974 2651 455.
994 2620 1033 2651 G.
1053 2637 1095 2639 —
1118 2619 1228 2650 Psalt.
1255 2622 1288 2650 et
1305 2619 1420 2659 hymn.
1440 2629 1500 2649 ms.
1519 2618 1692 2649 Marchia-

127 2675 236 2696 nense
262 2675 351 2695 saec.
378 2662 424 2706 [9.
452 2662 499 2706 et]
527 2663 577 2695 10.
627 2665 710 2696 Cod.
737 2666 892 2696 Duacen.
921 2663 994 2696 170.
1021 2665 1083 2706 Gg.
1105 2681 1145 2685 —
1164 2665 1293 2704 Hymn.
1320 2675 1380 2695 ms.
1410 2665 1691 2695 Beneventanum

128 2720 218 2740 saec.
253 2708 304 2741 10.
339 2720 390 2741 ex.
442 2710 523 2742 Cod.
552 2706 712 2741 Vatican.
740 2711 904 2742 Ottobon.
934 2709 1006 2741 145.
1034 2711 1078 2741 Η.
1105 2726 1147 2730 --
1173 2709 1281 2740 Psalt.
1316 2713 1349 2741 et
1381 2709 1496 2750 hymn.
1523 2720 1584 2739 ms.
1609 2709 1691 2740 Far-

126 2755 221 2786 fense
256 2766 345 2787 saec.
384 2752 468 2786 ¹⁰l11.
519 2755 600 2786 Cod.
634 2756 779 2787 Roman.
816 2754 888 2786 175.
922 2753 1025 2794 (Farf.
1050 2753 1096 2795 4.)
1123 2756 1149 2786 Ι.
1175 2771 1219 2774 ——
1243 2756 1371 2795 Hyinn.
1405 2766 1467 2786 ms.
1492 2755 1692 2785 Veronense

127 2810 216 2831 saec.
257 2799 308 2831 11.
367 2800 449 2832 Cod.
487 2801 599 2841 Capit.
633 2801 804 2832 Veronen.
840 2799 902 2832 109
925 2799 1026 2841 (102).
1060 2802 1101 2832 K.
1136 2817 1178 2821 —-
1204 2800 1333 2840 Hymn.
1367 2803 1401 2831 et
1432 2801 1596 2841 Sequent.
1630 2809 1691 2831 mS.
