1785 3111
665 67 967 108 —103—

103 211 113 222 .
146 183 267 229 Quos
284 193 363 220 rex
380 183 578 231 peremit
593 182 780 231 impius,

148 240 237 277 Pius
269 239 338 277 sed
371 243 503 277 auctor
536 239 681 287 colligit

148 296 285 334 Secum
316 296 448 334 beatos
481 297 672 333 collocans

145 354 191 391 In
222 353 306 390 luce
338 354 445 400 regni
477 353 660 400 perpetis,

105 473 114 483 .
147 444 218 490 Qui
249 443 463 480 mansiones
495 443 652 490 singulis

148 500 329 548 Largitus
361 500 399 536 in
433 500 543 537 domo
575 500 708 549 patris,

148 557 278 594 Donat
310 557 485 604 supernis
519 557 686 607 sedibus,

145 614 265 660 Quos
288 625 367 651 rex
385 613 784 660 peremitimpiuS.

104 794 112 802 .
145 762 310 799 Bimos
333 766 380 799 et
400 759 538 798 infra
559 760 783 807 purvulos

146 818 317 856 Herodis
349 818 408 855 ira
438 818 603 865 perculit

145 876 335 923 Finesque
366 874 653 912 Bethlemiticos

144 932 284 970 Sancto
316 931 503 978 respersit
533 930 727 978 sanguine.

102 1099 110 1108 .
143 1069 350 1106 Praeclara
381 1068 533 1106 Christo
566 1067 759 1114 splenduit

142 1125 249 1162 Mors
280 1125 463 1162 innocens
495 1124 678 1171 fidelium⁷

144 1182 268 1219 Caelis
300 1180 475 1219 ferebant
507 1181 633 1229 angeli

140 1239 307 1276 Bimos
327 1243 370 1275 et
388 1237 523 1276 infra
541 1239 780 1285 parvulos,

101 1362 109 1370 .
142 1331 299 1367 Voxin
317 1331 457 1368 Rama
477 1329 785 1378 percrebuit

144 1387 329 1425 Lamenta
359 1387 483 1424 luctus
515 1387 683 1433 maximi,

146 1444 292 1481 Rachel
324 1455 410 1481 suos
443 1455 526 1481 cum
558 1444 727 1481 lacrimis

145 1500 309 1540 Perfusa
339 1500 444 1538 flevit
473 1500 586 1541 filios

105 1622 111 1629 .
147 1591 326 1629 Gaudent
356 1592 548 1638 triumpho
579 1591 743 1639 perpeti,

145 1649 351 1686 Tormenta
382 1649 519 1696 quique
550 1649 735 1696 vicerant,

144 1706 311 1752 Quorum
342 1717 495 1753 gemens
527 1705 573 1743 ob
606 1705 768 1743 verbera

143 1762 238 1800 Vox
265 1763 309 1800 in
331 1763 471 1801 Rama
492 1762 782 1810 percrebuit.

100 1884 108 1892 .
144 1852 798 1901 Ne‚grexpusille‚formides
862 1856 925 1893 16.

145 1911 292 1948 Dentes
323 1911 443 1948 leonis
475 1910 658 1959 perfidos,

144 1969 281 2005 Pastor
308 1967 428 2005 bonus
460 1979 544 2005 nam
577 1979 719 2015 pascua

142 2024 261 2062 Vobis
291 2024 397 2062 dabit
431 2025 621 2063 caelestia.

860 761 922 799 12.

854 1067 918 1105 13.

861 1331 924 1368 14.

853 1592 917 1630 15.

858 182 923 221 10.
956 185 1104 229 Agnum
1136 181 1208 218 Dei
1242 180 1303 227 qui
1337 180 1541 217 candidum

952 239 1098 276 Mundo
1132 237 1300 285 sequeris
1330 237 1492 285 tramite,

954 296 1093 333 Manus
1125 295 1287 331 latronis
1318 294 1455 340 impias

958 352 1149 402 Ne,grex
1165 349 1604 401 pusille7formide5.

914 472 920 479 .
955 442 1234 489 Absterget
1263 452 1431 478 omnem
1455 442 1605 479 lacri-

1265 509 1382 535 mam

957 555 1105 592 Vestris
1137 559 1247 602 pater
1279 556 1326 592 de
1358 555 1538 604 vultibus,

955 612 1062 649 Mors
1105 612 1212 649 vobis
1243 612 1346 649 ultra
1377 624 1450 649 non
1480 616 1590 649 nocet

956 669 1067 705 Vitae
1100 669 1265 715 receptis
1297 670 1505 707 moenibus.

956 760 1027 806 Qui
1058 760 1247 796 seminant
1277 760 1315 796 in
1347 760 1528 805 lacrimis,

956 817 1087 863 Longo
1119 820 1262 852 metent
1292 817 1330 853 in
1361 818 1511 865 gaudio,

956 874 1073 911 Genis
1103 874 1297 920 lugentum
1329 874 1505 912 conditor

954 930 1209 978 Absterge
1252 932 1603 968 tomnemlacri-

1259 999 1293 1023 m
1308 999 1329 1024 a
1341 999 1390 1025 m.

953 1067 982 1105 Ο
1015 1078 1153 1114 quam
1196 1067 1345 1104 beata
1377 1068 1589 1116 civitas,

954 1125 997 1161 In
1029 1135 1102 1171 qua
1133 1124 1355 1172 redemptor
1386 1125 1556 1162 nascitur

956 1181 1131 1227 Natoque
1163 1182 1309 1227 primae
1339 1187 1549 1229 martyrum

955 1239 999 1275 In
1031 1249 1103 1284 qua
1137 1238 1313 1275 dieantur
1343 1238 1510 1277 hostiae!

958 1330 1159 1376 Nunquam
1192 1330 1339 1367 vocaris
1371 1331 1532 1377 parvula

958 1388 1001 1423 In
1034 1387 1228 1424 civitatum
1261 1387 1427 1432 milibuS,

954 1444 1014 1481 Ex
1047 1455 1120 1490 qua
1151 1455 1269 1481 novus
1303 1444 1379 1481 dux
1406 1449 1510 1481 ortus
1532 1448 1601 1491 est,

955 1501 984 1538 Ο
1026 1512 1166 1547 quam
1205 1501 1356 1538 beata
1391 1499 1600 1538 civitas!

951 1592 1125 1628 Astant
1152 1592 1358 1628 nitentes
1381 1590 1604 1638 fulgidis

953 1648 1047 1685 Eius
1079 1648 1216 1685 throno
1247 1659 1345 1685 nunc
1376 1649 1557 1697 vestibus,

958 1706 1083 1742 Stolas
1115 1716 1201 1742 suas
1235 1706 1298 1752 qui
1329 1706 1503 1743 laverant

954 1763 1055 1809 Agni
1087 1762 1266 1799 rubentes
1297 1763 1493 1811 sanguine.

958 1853 1029 1901 Qui
1060 1853 1230 1900 perpetis
1262 1864 1332 1900 pro
1363 1854 1511 1902 patriae

956 1912 1088 1958 Regno
1120 1915 1312 1957 gementes
1343 1910 1538 1956 fleverant,

955 1968 1066 2005 Laeti
1097 1967 1180 2005 Deo
1213 1978 1295 2004 cum
1327 1968 1504 2005 laudibus

953 2026 1124 2063 Astant
1154 2025 1359 2062 nitentes
1392 2023 1603 2072 fulgidis.

120 2114 316 2146 Cassander
340 2115 362 2146 l.
388 2125 417 2146 c.
446 2113 508 2146 117
535 2125 610 2157 sqq.
637 2132 677 2136 —
705 2113 736 2153 5,
762 2113 782 2146 2
807 2115 1105 2160 Bethleemiticos.
1134 2133 1175 2136 —
1205 2112 1255 2154 1⁵2,
1282 2112 1303 2146 3
1328 2115 1532 2157 lugentium.

457 2271 515 2307 82.
554 2271 612 2314 (4.)
650 2271 696 2306 In
721 2271 965 2308 Ascensione
990 2271 1167 2307 Domini.

73 2365 110 2403 1.
142 2365 333 2412 Hymnum
367 2376 544 2403 canamus
575 2366 731 2416 gloriae,

141 2422 285 2469 Hymni
316 2423 405 2460 novi
436 2433 536 2459 nunc
556 2426 774 2472 personent,

142 2478 316 2516 Christus
346 2490 444 2517 novo
477 2490 558 2516 cum
591 2480 743 2516 tramite

142 2535 206 2572 Ad
237 2536 358 2582 patris
390 2536 563 2573 ascendit
585 2537 774 2573 thronum.

68 2627 105 2663 2.
137 2625 292 2663 Transit
323 2627 515 2674 triumpho
548 2627 700 2674 gloriae

147 2682 230 2720 Poli
261 2687 437 2730 potenter
468 2684 642 2734 culmina,

146 2738 215 2784 Qui
230 2744 349 2776 morte
358 2744 516 2781 mortem
529 2741 795 2787 absumpserat

146 2794 303 2833 Derisus
335 2808 357 2833 a
387 2797 623 2836 mortalibus,

895 2367 931 2404 3.
964 2365 1061 2402 Nam
1095 2366 1169 2403 diri
1200 2366 1268 2403 leti
1298 2366 1429 2404 limina

965 2424 1106 2462 Caecas
1136 2426 1173 2460 et
1203 2422 1360 2460 umbras
1391 2423 1504 2460 inferi

965 2480 1150 2517 Lustrans
1184 2491 1250 2517 sua
1282 2480 1451 2527 potentia

964 2537 1051 2574 Leti
1082 2537 1220 2584 ligarat
1250 2537 1474 2585 principem,

925 2657 934 2666 .
966 2627 1029 2674 Et,
1063 2638 1155 2674 quos
1185 2638 1272 2664 suos
1302 2628 1340 2664 in
1372 2627 1518 2664 actibus

966 2684 1138 2731 Fideque
1168 2684 1286 2721 lectos
1318 2689 1489 2728 noverat,

970 2741 1108 2779 Omnes
1138 2741 1283 2779 Averni
1317 2739 1489 2777 faucibus

968 2797 1138 2835 Salvavit
1168 2809 1190 2834 a
1222 2796 1426 2835 ferocibus.
