1785 3111
749 90 1056 130 —436—

702 205 770 242 Rli
783 217 805 252 y
820 204 869 240 th
882 215 983 241 mus
1024 205 1108 242 VII.

169 309 205 346 1.
239 307 868 353 Luxsanctorum,speslapsorum,
910 354 914 357 ¹

299 364 413 410 Virgo
445 367 566 400 mater
596 362 762 410 Domini,

237 421 310 458 Per
340 430 449 466 quam
482 419 560 457 vita
592 419 767 456 restituta

292 476 361 514 Est
392 475 571 522 perennis
603 475 754 525 homini,

167 585 203 621 2.
240 582 487 620 Gemebundo
519 582 634 619 eorde
664 581 781 620 fundo

297 639 359 676 Ad
391 643 428 676 te
458 649 606 686 preceS,
640 639 803 684 domina,

237 696 410 743 Namque
439 695 558 742 gravi,
591 706 701 742 quam
723 694 869 745 paravi,

299 754 456 791 Premor
488 752 603 790 valde
634 752 793 790 sarcina.

168 918 204 954 3.
239 917 350 955 Solve
381 916 510 964 moles,
543 916 640 953 sicut
672 916 782 965 soles,

293 973 435 1018 Quibus
467 983 620 1020 pressus
650 973 768 1017 iaceo,

235 1030 285 1067 Et
317 1039 465 1079 excusa,
500 1029 599 1076 quod
631 1027 786 1066 confusa

293 1086 423 1122 Mente
457 1084 597 1123 factum
631 1085 753 1123 doleo.

167 1196 205 1233 4.
238 1193 358 1231 Dolor
380 1193 515 1240 ingens
537 1203 596 1229 me
615 1192 874 1240 constringens

296 1249 551 1286 Vehementer
584 1249 740 1295 cruciat,

238 1307 380 1353 Culpae
412 1306 530 1343 telum
563 1316 627 1343 cor
658 1305 833 1342 anhelum

300 1363 494 1409 Siquidem
531 1362 702 1400 dilaniat.

202 1500 209 1508 .
244 1472 273 1508 O
304 1481 412 1516 quam
445 1470 554 1517 pravi
586 1472 622 1506 et
652 1470 777 1517 ignavi

300 1527 406 1575 Sunt,
425 1528 487 1573 qui
504 1526 683 1563 mundum
702 1526 876 1577 diligunt,

245 1583 329 1620 Nou
362 1583 577 1631 attendunt,
611 1583 668 1619 cui
701 1583 866 1620 vendunt

303 1639 362 1691 Se,
395 1640 457 1686 qui
489 1640 610 1677 Deum
642 1639 848 1687 negligunt.

173 1474 194 1508 Cf(

175 1750 210 1785 6.
245 1748 343 1784 Yere
376 1758 508 1785 caecus
541 1752 576 1783 et
604 1752 644 1784 ut
676 1757 804 1795 pecus,

300 1804 449 1850 Expers
480 1808 537 1840 est
568 1804 760 1847 scientiae,

244 1861 358 1905 Quem
375 1858 549 1897 deflectat
565 1861 645 1907 hoc,
659 1861 758 1907 quod
769 1870 874 1908 spec-

537 1921 593 1954 tat

306 1973 348 2009 ln
381 1973 480 2009 valle
510 1973 697 2011 miseriae.

179 2081 213 2118 7.
248 2079 343 2116 Nam
353 2090 462 2126 quem
476 2078 639 2117 fructum
653 2080 724 2117 nisi
736 2080 875 2117 luctum

305 2136 503 2173 Praestant
534 2137 663 2174 mundi
695 2136 845 2183 gaudia,

247 2192 361 2230 Cuius
393 2203 482 2230 eura
513 2192 631 2240 gignit
664 2193 759 2231 dura

302 2248 456 2286 Miseris
486 2249 705 2296 supplicia?

178 2357 213 2393 8.
247 2355 366 2392 Parce
397 2354 502 2392 flenti
535 2360 569 2393 et
604 2357 758 2407 dolenti,

307 2411 456 2448 Summe
487 2423 611 2449 rerum
644 2413 799 2464 arbiter,

251 2466 348 2504 Nam
381 2469 561 2507 mandata
593 2481 661 2517 per
691 2474 728 2506 te
760 2470 849 2507 data

312 2523 399 2560 Sum
417 2530 676 2572 transgressus
693 2526 877 2572 nequiter.

183 2637 220 2673 9.
254 2635 448 2673 Erubesce
480 2639 514 2671 et
546 2635 699 2672 tabesco

311 2693 428 2730 Tuam
461 2692 597 2727 timens
628 2689 776 2737 faciem,

256 2749 352 2786 Dum
384 2758 550 2784 meorum
584 2746 806 2783 delictorum

310 2805 511 2851 I'erpendo
543 2803 765 2850 congeriem.

959 306 1023 344 10.
1059 306 1194 353 Ingens
1225 310 1346 342 metus
1377 309 1489 352 atque
1520 304 1636 342 fletus

1109 363 1234 400 Meam
1267 361 1394 399 turbat
1425 361 1602 408 animam,

1055 419 1175 456 Pavet
1198 429 1340 465 sensus,
1374 419 1461 455 dum
1484 428 1700 465 suspensus

1112 477 1254 514 Horam
1288 478 1424 522 pensat
1453 474 1645 513 ultimam.

960 582 1026 620 11.
1058 582 1148 628 Quis
1180 579 1328 618 futurus
1359 586 1415 619 est
1443 592 1599 619 securus

1115 639 1155 674 In
1188 637 1254 675 illo
1286 638 1471 688 examine,

1058 694 1215 740 Quando
1255 698 1408 741 patent,
1451 705 1549 741 quae
1593 704 1702 732 nuno

1351 751 1483 800 latent,

1113 810 1308 855 Arguente
1338 806 1507 844 lumine?

960 916 1021 954 12.
1055 916 1134 961 Quo
1163 916 1304 966 dolore,
1338 926 1410 963 quo
1441 924 1618 952 maerore

1112 972 1384 1019 Deprimentur
1414 971 1555 1020 miseri,

1054 1029 1123 1076 Qui
1155 1029 1304 1076 abyssis
1337 1040 1407 1075 pro
1440 1028 1659 1065 commissis>

1113 1085 1414 1132 Snbmergentur
1444 1083 1581 1121 inferi!

967 1192 1032 1230 13.
1064 1192 1242 1232 Ululatus
1274 1196 1309 1228 et
1341 1192 1511 1240 ploratus

1119 1249 1278 1285 Frustra
1312 1248 1456 1285 dabunt
1486 1247 1653 1295 perditi,

1063 1304 1153 1342 Cum
1186 1305 1340 1352 maligui
1372 1314 1483 1341 saevo
1513 1304 1591 1351 igni

1121 1359 1246 1400 Semel
1279 1365 1387 1398 erunt
1418 1361 1565 1401 traditi,

965 1470 1027 1507 14.
1061 1469 1158 1515 Heu,
1191 1468 1280 1515 quid
1313 1469 1383 1516 egi,
1416 1478 1487 1514 quo
1517 1468 1680 1515 impegi,

1121 1526 1200 1571 Quo
1231 1524 1363 1562 infelix
1394 1525 1537 1562 cecidi!

1064 1583 1143 1628 Quo
1158 1582 1361 1628 deducunt,
1374 1592 1482 1628 quem
1497 1581 1706 1630 seducunt„

1122 1638 1294 1675 Fraudes
1327 1638 1445 1675 hostis
1477 1637 1638 1684 perfidi!

967 1748 1030 1785 15.
1063 1747 1124 1784 Ad
1149 1756 1256 1793 quem
1277 1745 1442 1795 tendam,
1467 1749 1508 1782 ut
1530 1750 1705 1784 tremen-

1359 1803 1444 1839 dam

1120 1859 1292 1896 Evadam
1327 1858 1583 1897 sententiam?

1060 1917 1177 1963 Quem
1189 1916 1392 1963 requiram,
1406 1925 1591 1962 perquem
1601 1915 1706 1952 iram

1119 1972 1261 2009 Iudicis
1294 1971 1500 2019 effugiam?

966 2080 1029 2118 16.
1062 2080 1092 2116 Ο
1124 2079 1260 2128 Maria,
1294 2090 1364 2125 qua
1397 2079 1529 2125 sophia

1119 2135 1266 2173 Prodiit
1297 2135 1484 2184 altissimi,
1690 2178 1693 2181 y

1061 2192 1113 2230 Ut
1145 2191 1335 2229 credendo
1368 2194 1404 2227 et
1434 2191 1637 2237 sequendo

1119 2249 1252 2286 Posset
1282 2248 1393 2285 homo
1424 2247 1574 2293 redimi,

970 2358 1034 2395 17.
1066 2355 1365 2395 Formidandum
1383 2355 1501 2392 redde
1515 2354 1707 2392 blandum

1123 2412 1292 2450 Iudicem
1324 2411 1574 2461 supplicibus,

1066 2469 1123 2506 Ne
1154 2469 1272 2506 iratus
1304 2467 1351 2504 ob
1384 2471 1510 2505 reatus

1123 2524 1252 2562 Saevis
1285 2524 1413 2562 tradat
1442 2523 1610 2570 ignibus.

972 2634 1036 2671 18.
1070 2632 1172 2670 Caeli
1205 2631 1318 2679 scala,
1352 2629 1411 2668 fac
1442 2641 1500 2667 me
1531 2630 1649 2676 mala,

1123 2688 1225 2733 Quae
1255 2687 1488 2734 impugnant,
1521 2686 1682 2723 vincere>

1069 2745 1117 2781 Et
1150 2744 1186 2781 in
1219 2743 1328 2788 bono,
1361 2743 1460 2789 quod
1492 2751 1687 2789 propono,

1125 2799 1348 2837 Constanter
1378 2799 1599 2846 persistere.
