1785 3111
780 70 1084 110 —374—

271 190 306 226 5.
354 187 463 223 Hanc
490 185 560 221 tibi
590 196 659 231 pro
691 184 888 231 reprobvis
921 195 1070 221 carnem
1102 184 1244 231 placuit
1276 184 1367 220 dare
1397 184 1517 230 nobis,

356 242 488 290 Nobis,
520 252 590 287 pro
622 241 741 288 nobis,
775 241 821 277 de
853 241 972 290 nobis,
1005 241 1129 278 omnia
1154 241 1274 285 nobis,

355 298 426 344 Qui
456 298 527 335 tibi
557 298 801 342 credidimus,
833 296 922 334 fidei
955 309 1046 344 ruga
1078 298 1213 344 quique
1245 297 1435 343 subimus,

350 355 445 400 Hoc,
478 355 579 402 quod
611 365 662 396 es,
695 359 731 390 et
762 365 897 399 serva,
920 359 1027 400 rogat
1057 354 1149 390 haec
1180 355 1342 391 humana
1374 358 1538 393 caterva.

271 460 307 497 6.
355 458 450 504 Hoc,
484 457 583 504 quod
616 456 733 493 habes
765 461 799 492 et
830 467 946 499 amas,
981 466 1132 493 carnem
1165 467 1252 493 caro
1278 460 1407 493 nostra
1440 457 1634 505 reclamat,

353 516 437 552 Hac
463 514 606 561 alapas,
641 513 770 561 letum,
803 513 968 549 convitia
1000 511 1076 549 fers
1109 517 1145 548 et
1175 517 1334 560 acetum,

355 572 484 619 Sputa,
520 569 570 606 fel
598 574 635 606 et
666 570 825 618 miseris,
859 569 974 617 Deus,
1007 569 1078 606 hac
1108 570 1146 605 in
1179 580 1290 606 carne
1322 569 1508 618 mederi53

351 629 537 674 Aegrotos
570 637 715 676 cernas,
748 626 956 663 medicinas
987 626 1087 663 adde
1117 636 1313 674 supernas,

273 731 310 770 7,
357 730 503 776 Quique
533 729 778 775 resurgendo,
812 728 1042 775 scandendo,
1076 728 1174 764 dona
1205 729 1365 765 serendo

355 786 521 833 Mystiea
555 787 601 822 de
633 785 759 833 caelis,
793 786 890 822 vatis
922 785 1107 831 promissa
1137 785 1289 824 lohelis,

353 843 513 889 Frigida
545 842 661 879 corda
691 842 811 878 virum
844 842 975 878 reddis
1006 840 1238 878 flammantia
1266 842 1423 890 mirum3

353 899 406 937 Ut
438 898 531 936 facis
561 899 666 947 haee,
699 909 787 935 vere
819 897 880 934 fac
911 909 978 935 nos
1010 898 1080 934 hoc
1109 899 1195 944 igne
1227 899 1351 934 calere

270 1003 307 1040 8.
355 1001 489 1038 Gloria
520 1000 578 1037 cui
610 1000 771 1037 Domino
803 1010 939 1046 perpes
973 999 1020 1035 de
1051 998 1184 1036 funere
1214 1000 1326 1047 trino,

355 1058 509 1103 Dasque
539 1056 662 1093 tribus
696 1057 811 1092 vitam
841 1061 1074 1102 mortemque
1106 1056 1260 1102 repellis
1292 1057 1445 1094 avitam.

357 1115 475 1159 Urna,
510 1114 655 1157 domus,
689 1117 799 1160 porta
829 1117 956 1159 testes,
989 1113 1076 1159 quia
1106 1113 1169 1148 lux
1202 1113 1301 1149 redit
1331 1117 1436 1158 orta3

356 1171 474 1217 Erige
505 1170 675 1208 labentes
708 1174 745 1206 et
774 1169 899 1205 adhuc
930 1169 967 1205 in
999 1169 1112 1206 sorde
1142 1170 1319 1207 iacentes

274 1274 310 1311 9.
359 1273 411 1311 Ut
440 1271 511 1308 tibi
543 1271 747 1318 baptistam
780 1271 985 1308 Iohannem
1018 1271 1097 1307 sive
1126 1270 1334 1317 sophistam

358 1329 589 1365 Dissimilem
620 1328 728 1364 iustis
760 1326 855 1364 facis
886 1328 941 1363 uti
972 1328 1083 1363 melle
1113 1328 1267 1364 locustis

356 1385 407 1422 Et
436 1379 564 1432 iugulo
592 1385 708 1432 plecti
739 1395 808 1421 nec
840 1395 929 1421 vero
959 1389 1080 1420 morte
1111 1383 1277 1432 reflecti3

355 1442 434 1479 Fac
463 1453 531 1478 nos
564 1446 780 1478 cunctorum
812 1441 924 1477 luxus
955 1441 1082 1477 odisse
1114 1440 1296 1478 ciborum.

246 1545 308 1582 10.
356 1544 409 1582 Ut
438 1543 575 1580 tribuis
609 1544 720 1580 Petro
751 1542 893 1579 solacia
925 1553 1078 1579 carcere
1108 1546 1243 1588 taetro,

359 1600 463 1637 Dura
495 1604 711 1636 catenarum
742 1599 981 1645 disrumpens
1008 1599 1132 1636 vincla
1162 1610 1325 1646 suarum,

296 1702 299 1706 Δ
356 1657 514 1694 Vinctus
545 1656 592 1693 ab
623 1656 778 1693 Herode
808 1656 906 1692 liber
937 1654 1033 1704 fugit
1063 1655 1189 1692 indice
1221 1655 1373 1701 Rodae3

358 1713 516 1750 Vincula
547 1718 760 1749 nostrorum
793 1713 939 1758 pariter
971 1713 1136 1749 dissolve
1168 1713 1364 1751 malorum.

248 1817 311 1853 11.
358 1815 411 1853 Ut
442 1813 536 1852 facis
567 1815 726 1851 electum
759 1814 828 1851 tibi
859 1825 923 1851 vas
955 1814 992 1851 in
1023 1815 1168 1861 quadra
1198 1813 1397 1863 refectum,

363 1872 457 1909 Cum
489 1870 645 1913 fureret,
679 1871 844 1917 Saulum,
876 1876 1020 1907 mutato
1051 1871 1200 1907 nomine
1232 1871 1401 1919 Paulum,

356 1928 448 1965 Mox
479 1927 671 1964 infecundi
699 1927 853 1964 verbum
883 1928 984 1974 parit
1014 1927 1139 1964 orbita
1169 1928 1321 1973 mundi3

358 1985 436 2022 Nos
467 1985 520 2022 ita
550 1989 693 2021 mutato
724 1984 793 2020 tibi
824 1984 1134 2031 quadrifidosque
1166 1985 1307 2022 dolato.

248 2089 310 2125 12.
357 2087 408 2124 Ut
440 2090 524 2123 tuus
555 2086 745 2133 Andreas,
777 2096 885 2132 quem
918 2086 1040 2132 puniit
1071 2086 1189 2122 hostis
1219 2086 1380 2133 Aegeas,

358 2144 448 2180 Cum
480 2143 624 2189 patitur
655 2154 723 2188 pro
755 2147 803 2189 te,
835 2142 947 2179 Salve
977 2154 1083 2187 crux,
1116 2142 1248 2189 inquit,
1281 2154 1370 2179 amo
1402 2144 1446 2192 te,

358 2200 412 2236 Te
442 2210 511 2246 per
541 2204 578 2236 te
606 2198 757 2247 fruitur,
791 2198 950 2235 flammis
981 2199 1078 2235 alius
1109 2199 1314 2248 sepelitur,

358 2256 419 2293 Sic
450 2256 557 2293 nobis
591 2257 688 2293 dona
719 2257 885 2302 requiem
916 2266 1116 2302 secumque
1147 2266 1298 2293 corona.

245 2353 309 2392 13.
355 2351 479 2398 thue
510 2351 578 2387 sub
608 2352 739 2388 insano
769 2351 972 2388 Iohannem
1006 2351 1219 2388 Domitiano

359 2408 534 2446 Illaesuni
567 2408 678 2454 pleno
710 2408 806 2454 pice,
840 2408 1021 2454 sulphure
1052 2408 1184 2454 prodis
1215 2410 1321 2454 aeno,

359 2464 446 2501 Vita
476 2464 576 2500 redit
606 2464 793 2512 iuvenum,
826 2475 893 2501 sua
920 2464 1048 2510 perdit
1078 2465 1161 2501 iura.
1192 2474 1394 2512 venenum3

360 2522 570 2567 Perpetuus
602 2526 726 2557 custos
758 2521 811 2557 sic
843 2531 970 2557 omnes
1002 2525 1158 2569 protege
1189 2522 1319 2558 iustos

251 2618 313 2657 14.
362 2617 453 2655 Cum
485 2617 734 2665 lapidaretur,
767 2620 830 2654 tua
861 2627 968 2663 quem
1000 2617 1119 2653 tutela
1149 2620 1288 2663 tuetur,

362 2673 575 2720 Stephanus
606 2674 779 2719 invictus,
812 2673 981 2720 lapidum
1012 2684 1084 2710 non
1117 2677 1287 2709 senserat
1317 2672 1427 2719 ictus,

358 2731 507 2777 Agnum
540 2740 696 2775 cumque
728 2730 831 2766 videt
864 2730 980 2777 caelo,
1012 2741 1078 2766 sua
1109 2730 1265 2766 vulnera
1297 2729 1415 2775 ridet3

362 2787 424 2824 Sic
454 2786 552 2823 mala
583 2797 649 2822 nos
681 2786 811 2822 mundi
843 2791 1081 2823 contemnere
1110 2785 1170 2822 fac
1201 2784 1412 2832 fugibundi.
