1785 3111
718 110 1023 151 —267—

86 225 314 257 Laurentian.
347 224 458 257 Conv.
493 235 570 266 sup.
603 221 681 256 524.
714 224 756 255 E.
790 242 834 245 ——
866 225 996 265 Hymn.
1029 235 1090 255 ms.
1125 224 1324 255 Veronense
1351 232 1440 254 saec.
1468 219 1520 252 11.
1568 220 1654 252 Cod.

88 270 202 312 Capit.
235 271 409 302 Veronen.
445 267 508 302 109
540 267 633 310 (102)
665 270 701 301 F.
736 288 779 291 —
812 270 942 311 Hymn.
972 280 1035 301 ms.
1063 270 1097 301 S.
1123 269 1276 310 Sophiae
1302 269 1537 300 Beneventan.
1564 276 1655 298 saec.

87 313 140 346 11.
190 315 273 347 cod.
305 316 528 357 Neapolitan.
561 315 611 346 VI
645 315 675 346 E
710 313 765 347 43.
791 315 832 347 G.
856 332 899 336 -
926 316 1026 346 Brev.
1052 326 1113 346 ms.
1141 316 1175 347 S.
1201 314 1369 356 'Eutychii
1393 313 1538 344 Nursini
1564 321 1655 343 saec.

89 358 140 392 11.
199 361 282 393 Cod.
315 361 538 393 Vallicellan.
568 361 596 392 B
633 359 686 393 79.
723 361 768 392 H.
801 379 844 382 —
880 362 1008 402 Hymn.
1042 371 1104 392 ms.
1139 361 1302 392 Farfense
1336 369 1426 391 saec.
1462 356 1514 389 11.
1571 356 1655 390 Cod.

89 407 235 438 Roman.
266 404 330 438 175
354 406 458 444 (Farf.
483 404 527 447 4).
553 407 580 438 Ι.
607 423 648 428 —
675 406 818 448 Antiph.
846 410 879 438 et
903 406 1006 439 Grad.
1033 417 1095 437 ms.
1118 406 1336 437 Nivernense
1361 414 1449 436 saec.
1478 401 1529 435 12.
1572 401 1656 435 Cod.

88 451 243 482 Par-isin.
269 453 383 484 Nouv.
409 462 484 494 aeq.
512 449 610 484 1235.
636 452 678 484 Κ.
703 469 745 473 ——
775 452 863 483 Bibl.
890 452 1092 484 Cluniacen.
1119 451 1184 483 col.
1211 449 1288 483 264.
1313 451 1354 482 L.

183 497 256 528 Vor
289 497 356 530 Str.
384 495 400 528 1
435 497 587 529 Martine
613 498 760 529 mundus
786 501 818 529 te
843 497 929 529 colit
953 501 1015 528 etc.
1044 498 1081 528 B.
1108 513 1152 518 —-
1177 496 1244 529 Str.
1273 495 1288 527 1
1317 496 1387 527 und
1412 493 1433 527 2
1457 493 1659 535 umgestellt

92 542 130 573 Β.
157 558 199 563 -
232 541 260 580 1,
285 541 307 574 4
331 543 395 574 Vis
420 546 454 574 et
478 544 567 574 mori
592 544 644 584 H3
671 553 739 574 non
766 545 902 584 respuis
930 542 1015 582 ΕΗ,
1042 553 1111 574 11011
1136 543 1270 583 respuit
1293 543 1320 573 I.
1347 558 1388 562 —
1407 539 1438 578 2,
1457 537 1478 572 2
1495 539 1657 581 praesule

90 587 132 619 E.
157 605 201 609 —-
233 586 264 624 2,
289 586 310 620 3
349 588 446 630 Auge
473 589 541 630 piis
568 590 609 620 D.
634 606 680 609 —-
703 587 734 625 2,
760 586 782 619 4
807 588 896 620 elide
922 588 996 619 AD.
1023 606 1063 610 —
1092 586 1122 626 3,
1151 586 1166 618 1
1195 588 1259 619 Cui
1284 590 1336 618 ter
1360 588 1409 627 A3
1437 587 1593 618 eviscera
1618 584 1655 615 F.

90 650 133 653 —
164 631 195 672 3,
229 631 251 664 4
282 635 420 666 iustitia
445 634 484 665 Β.
510 651 552 655 -
585 632 616 671 4,
641 632 662 665 3
688 634 825 665 hordini
851 635 894 665 D.
920 650 963 654 -—
997 632 1028 671 5,
1057 632 1072 664 1
1099 634 1267 664 trinitatis
1294 633 1329 664 F.
1355 650 1398 654 —-
1425 630 1456 669 5,
1479 629 1501 662 4
1526 631 1567 662 In
1593 640 1657 661 nos

87 681 122 709 et
154 680 231 721 ipse
260 679 401 712 roboret
433 679 622 711 CEFHIK.
656 697 700 700 —
732 680 802 710 vor
838 678 865 717 1,
897 678 912 710 1
952 680 1088 710 Divisio
1116 678 1159 716 C;
1190 678 1317 709 Divide
1342 679 1387 710 H.
1439 677 1562 708 Dieser
1587 675 1658 706 und

87 723 149 755 der
173 724 458 767 vorhergehende
484 725 645 764 Hymnus
671 725 749 756 sind
773 735 839 756 nur
864 725 960 756 einer
985 724 1088 755 AGL.

181 771 306 803 Dieser
339 771 501 811 Hymnus
531 771 579 802 ist
611 770 664 802 als
696 781 766 801 von
799 770 873 802 Odo
909 769 1120 801 herriihrend
1155 769 1263 801 durch
1296 769 1363 800 den
1394 767 1566 800 Umstand
1601 767 1657 798 be-

88 815 268 856 glaubigt,
300 815 376 847 dass
410 826 446 847 er
478 817 543 847 mit
573 816 649 848 dem
682 825 751 846 von
782 815 963 847 Johannes
989 816 1149 846 zitierten
1174 817 1210 847 in
1237 814 1349 855 Cluny
1374 825 1417 845 zu
1442 814 1555 845 einem
1582 822 1658 843 ver-

91 861 290 893 schmolzen
322 871 403 893 war.
452 861 502 893 Er
532 862 578 892 ist
610 871 647 893 es
680 860 768 892 auch
803 860 911 892 durch
944 860 1000 892 die
1035 860 1196 902 folgende
1229 860 1337 892 Stelle
1369 860 1426 892 bei
1458 858 1659 895 Udalricus‚

89 906 367 939 Constitutiones
400 906 650 938 cluniacenses
685 906 765 945 l.1,
799 917 827 938 0.
851 904 912 938 43:
951 906 1070 947 „Quod
1102 906 1329 938 festivitatem
1356 916 1382 936 s,
1408 904 1554 936 Martini
1579 913 1657 934 cum

89 953 223 983 octavis
263 952 497 989 celebramus,
546 951 611 983 hoc
652 953 822 994 processit
861 962 882 983 a
923 953 1034 991 primo
1074 951 1143 983 loci
1184 953 1294 983 nostri
1335 951 1462 983 abbate
1504 950 1658 991 proprio,

88 998 281 1029 scilicet
312 997 363 1029 do
378 997 494 1029 mino
526 998 690 1037 Odone,
724 998 784 1039 qui
817 997 969 1029 Turonis
1003 997 1172 1029 oriundus
1205 996 1239 1029 S.
1265 997 1411 1028 Martini
1438 995 1599 1027 alumnus
1626 998 1660 1026 et

87 1044 276 1074 canonicus
301 1046 376 1075 erat
400 1042 545 1080 ibidem3
572 1043 663 1075 unde
688 1043 910 1084 antiphonas,
936 1053 1006 1074 non
1033 1043 1196 1085 antiquas
1219 1043 1279 1074 sed
1296 1052 1416 1079 novas,
1444 1051 1531 1083 quas
1553 1039 1656 1071 modo

89 1087 314 1120 decantamus
347 1089 384 1120 in
419 1088 639 1130 depositione
671 1089 784 1120 sancti
818 1089 1027 1121 confessoris
1066 1092 1100 1120 et
1132 1089 1299 1130 episcopi,
1335 1098 1439 1129 super
1471 1089 1660 1118 nocturnos

88 1134 163 1174 ipse
188 1132 279 1172 fecit,
306 1134 406 1176 ipse
430 1133 653 1174 hymnum,
687 1135 762 1176 ipse
792 1145 942 1177 quoque,
975 1138 1013 1166 ut
1045 1136 1274 1176 praemissum
1305 1137 1374 1172 est,
1410 1136 1552 1165 octavas
1578 1141 1660 1163 suas

88 1178 217 1211 indixit
241 1202 250 1211 .
275 1202 284 1210 .
310 1204 316 1210 .
343 1179 513 1211 Omnibus
538 1179 703 1211 horarum
729 1179 867 1221 hymnis
893 1179 951 1211 hic
975 1190 1097 1211 versus
1123 1180 1331 1222 apponitur:
1366 1179 1401 1210 M
1412 1180 1552 1210 artine
1581 1186 1661 1219 par

86 1223 343 1267 apostolis.“

558 1358 640 1394 201.
677 1359 736 1398 (3.)
769 1359 816 1393 In
841 1359 975 1395 sancti
1000 1359 1185 1395 Martini.

760 1434 813 1466 Ad
837 1435 988 1467 Laudes.

108 1534 144 1573 1.
176 1534 357 1582 Martine‚
389 1534 463 1572 iam
496 1534 626 1571 consul
656 1533 748 1580 poli,
926 1536 963 1573 3.
996 1533 1223 1582 Complexus
1253 1534 1343 1571 olim
1374 1534 1578 1572 monachos

177 1591 321 1629 Causas
351 1594 573 1638 precantum
603 1590 763 1638 inspice,
996 1591 1135 1628 Revise
1165 1602 1264 1628 nunc
1292 1591 1382 1628 licet
1413 1601 1511 1638 reos,

176 1648 258 1685 Iam
288 1648 444 1685 intimus
476 1657 600 1685 comes
633 1647 716 1695 Dei,
994 1647 1046 1684 Et
1077 1648 1192 1685 simus
1223 1648 1261 1684 in
1292 1648 1473 1686 memoria

179 1705 347 1752 Cunctis,
379 1705 480 1752 quod
512 1708 634 1753 egent,
666 1703 805 1743 obtine.
997 1705 1041 1741 In
1072 1704 1231 1752 speciali
1262 1705 1396 1752 gloria.

110 1809 146 1846 2.
179 1807 234 1844 Te
263 1807 427 1845 mundus
458 1807 578 1844 omnis
608 1807 773 1854 percolit
931 1809 966 1846 4.
998 1806 1168 1844 Affectus
1199 1810 1241 1844 ut
1270 1806 1335 1843 ille
1366 1811 1464 1857 tuus,

181 1864 405 1902 Consertum
437 1868 479 1901 ut
508 1863 705 1911 apostolis,
998 1864 1070 1910 Qui
1101 1874 1175 1901 non
1205 1862 1348 1901 refutat
1379 1863 1439 1901 vel
1470 1874 1599 1910 pecus,

181 1920 293 1958 Hanc
323 1921 443 1958 redde
474 1920 633 1968 singulis
664 1921 797 1966 vicem,
998 1921 1078 1958 Nos
1110 1920 1277 1967 corrigat
1309 1920 1469 1965 donans,
1501 1925 1589 1957 tuae

181 1977 298 2015 Placa
328 1988 435 2015 suum
465 1977 525 2014 his
555 1977 731 2015 iudicem.
998 1977 1106 2024 Quod
1137 1977 1307 2025 suppetit
1339 1977 1575 2016 clementiae.

516 2083 553 2118 5.
587 2080 644 2118 Sit
674 2080 837 2118 trinitati
867 2081 1003 2129 gloria,

586 2137 776 2175 Martinus
807 2142 848 2174 ut
879 2136 1075 2175 confessus
1106 2141 1175 2186 est,

586 2194 701 2233 Cuius
732 2193 845 2232 fidem
877 2205 947 2241 per
977 2205 1095 2241 opera

584 2251 654 2298 Qui
686 2262 837 2298 semper
865 2251 904 2288 in
935 2262 1003 2288 nos
1032 2250 1198 2288 roboret.

184 2352 286 2383 Brev.
319 2362 381 2383 ms.
413 2352 560 2383 Maioris
592 2352 799 2383 Monasterii
831 2361 920 2383 saec.
956 2350 1006 2383 11.
1057 2349 1140 2383 Cod.
1174 2352 1403 2393 Rotomagen-
1439 2349 1516 2383 243.
1547 2352 1588 2383 A.
1620 2368 1664 2371 fl

94 2397 196 2429 Brev.
221 2407 283 2428 ms.
310 2397 344 2429 S.
370 2397 530 2429 Mauritii
555 2398 730 2428 Turonen.
757 2398 840 2428 anni
870 2394 964 2429 1343.
1018 2396 1100 2429 Cod.
1126 2398 1300 2429 Turonen.
1331 2395 1403 2429 145.
1430 2399 1469 2429 Β.
1496 2415 1540 2420 —
1560 2398 1660 2429 Brev.

96 2453 156 2474 ms.
179 2443 403 2485 Lingonense
437 2453 526 2475 saec.
563 2440 613 2474 12.
663 2442 746 2474 Cod.
771 2442 946 2473 Turonen.
979 2440 1055 2474 807.
1082 2442 1118 2474 C.
1143 2460 1188 2463 ——
1214 2444 1313 2474 Brev.
1340 2453 1401 2474 ms.
1429 2443 1662 2476 Columbense

96 2497 184 2520 saec.
212 2486 264 2520 13.
313 2487 394 2519 Cod.
420 2488 606 2520 Ebroicen.
631 2486 686 2519 31.
713 2488 754 2519 D.
782 2507 824 2510 —
850 2488 952 2519 Brev.
978 2499 1040 2519 ms.
1067 2488 1101 2520 S.
1127 2488 1223 2519 Petri
1248 2488 1290 2520 de
1317 2489 1463 2520 Cultura
1489 2499 1578 2520 saec.
1609 2484 1661 2518 13.

96 2533 181 2566 Cod.
207 2533 466 2566 Cenomannen.
503 2531 577 2565 188.
608 2534 650 2565 E.
684 2551 725 2555 —
757 2534 857 2564 Brev.
883 2544 946 2564 ms.
972 2534 1117 2565 Lirense
1143 2544 1230 2566 saec.
1263 2532 1313 2565 14.
1362 2534 1446 2566 Cod.
1474 2534 1660 2565 Ebroicen.

99 2575 172 2610 120.
205 2579 242 2610 F.
274 2597 320 2600 —-
352 2580 451 2611 Brev.
484 2590 545 2611 mS.
571 2579 776 2611 Turonense
809 2589 898 2610 saec.
928 2577 976 2611 15.
1028 2579 1110 2611 Cod.
1135 2580 1309 2611 Turonen.
1337 2577 1525 2611 147—148.
1551 2579 1592 2610 G.
1618 2594 1663 2598 —‘

96 2624 198 2655 Brev.
218 2634 281 2656 ms.
298 2625 501 2657 Turonense
526 2634 615 2657 saec.
637 2623 690 2657 15.
733 2623 815 2655 Cod.
833 2624 983 2657 Parisin.
1004 2622 1102 2656 1032.
1121 2626 1165 2656 H.
1185 2643 1226 2647 —
1244 2626 1345 2656 Brev.
1364 2636 1424 2656 ms.
1444 2624 1660 2656 Benedictin.

99 2679 188 2701 saec.
219 2667 270 2702 15.
318 2669 401 2702 Cod.
426 2670 575 2702 Parisin.
611 2668 708 2702 1043.
734 2670 761 2701 I.
787 2687 831 2690 -—
856 2671 955 2701 Brev.
981 2672 1183 2702 Turonense
1212 2672 1293 2712 imp.
1319 2671 1467 2702 Parisiis
1496 2667 1591 2701 1522.
1618 2669 1660 2699 K.

104 2731 139 2736 —-
168 2713 198 2754 1,
223 2712 245 2746 3
267 2716 390 2747 intime
415 2717 480 2747 HI.
504 2733 548 2737 —
573 2712 604 2754 3,
633 2714 647 2746 1
675 2715 864 2756 Amplexus
890 2716 961 2748 BG.
985 2734 1030 2739 —-
1056 2716 1124 2748 Str.
1149 2714 1171 2747 3
1195 2716 1281 2748 fehlt
1306 2717 1351 2747 H.

189 2761 315 2792 Dieser
341 2761 502 2801 Hymnus
527 2763 665 2792 erweist
689 2760 763 2791 sich
788 2761 919 2792 meiner
943 2762 1112 2803 Meinung
1135 2762 1225 2793 nach
1251 2762 1303 2793 als
1329 2761 1389 2792 der
1413 2760 1589 2802 gesuchte,
1621 2770 1663 2789 zu

99 2804 167 2837 den
191 2805 316 2838 beiden
339 2806 647 2848 vorhergehenden
671 2805 837 2848 geborige
863 2806 1027 2848 Drilling,
1053 2807 1143 2838 denn
1170 2818 1206 2838 er
1232 2808 1277 2837 ist
1302 2806 1407 2837 ihnen
1432 2805 1567 2837 formell
1593 2804 1662 2835 und

101 2850 285 2882 inhaltlich
321 2852 510 2883 verwandt.
571 2851 741 2883 Formell:
786 2861 822 2882 er
858 2851 951 2883 zahlt
988 2853 1141 2884 dieselbe
1181 2851 1435 2893 Strophenzahl
1473 2851 1538 2881 wie
1570 2849 1664 2890 jene,
