1785 3111
810 68 1120 108 —294—

205 185 241 221 5.
274 185 366 227 Iam,
400 186 658 230 protomartyr
689 182 893 232 Stephane,
1025 185 1061 223 7.
1096 184 1246 229 Vosque
1276 183 1403 220 iuncto
1434 183 1656 231 Nicodemo,

274 241 412 276 Preces
446 239 601 276 devotas
632 240 776 288 accipe,
1094 239 1279 277 Gamaliel
1311 244 1349 275 et
1379 239 1544 287 Abibon,

274 296 417 340 Quibus
448 306 518 341 per
548 299 586 332 te
617 307 684 333 nos
711 306 937 342 quaesumus
1094 297 1167 333 Pro
1196 298 1276 333 sine
1308 296 1382 332 fine
1412 297 1630 334 excessibus

273 352 354 389 Deo
386 353 530 398 placari
562 353 731 391 caelitus.
908 371 913 375 ·
1092 352 1225 389 Finem
1257 364 1330 389 non
1363 353 1454 399 date·
1480 354 1671 400 precibus.

204 456 239 492 6.
273 454 389 499 Quem
422 465 491 500 pro
523 454 832 500 persecutoribus
1024 455 1060 492 8.
1093 454 1174 491 Deo
1205 455 1306 500 patri
1339 454 1389 491 sit
1416 455 1537 501 gloria

273 511 515 548 Exaudiebat
548 511 744 560 Dominus,
1092 511 1260 557 Eiusque
1291 511 1361 547 soli
1391 512 1467 548 tilio

272 567 323 604 Et
354 578 423 613 pro
455 568 530 604 tuis
562 568 798 616 supplicibus
1097 567 1190 604 Cum
1221 568 1360 613 spiritu
1390 568 1579 614 paraclito

272 623 467 661 Exaudiet
498 625 700 671 propitius.
1090 624 1141 660 Et
1171 635 1270 660 nunc
1301 629 1336 660 et
1367 624 1405 661 in
1437 630 1675 671 perpetuum.

279 724 421 755 Collect.
455 735 517 756 ms.
548 726 912 757 Benedietoburanum
947 735 1035 756 saec.
1074 722 1159 756 ¹¹l12.
1192 725 1279 755 Clm.
1304 726 1486 755 Monacvn.
1520 723 1620 757 4608.
1645 728 1685 758 A.
1713 744 1755 749 —-

188 770 287 800 Brev.
322 780 384 801 ms.
418 770 452 801 S.
487 768 629 812 Georgii
663 773 796 812 Pragen
842 781 931 802 saec.
968 769 1016 801 14.
1050 772 1096 801 in.
1147 770 1228 802 Cod.
1263 771 1411 811 Pragen.
1445 772 1461 801 Ι
1495 771 1523 802 G
1562 770 1611 802 17.
1646 773 1685 803 B.
1710 790 1755 793 ——

187 816 316 856 Hymn.
350 826 412 846 ms.
447 815 480 847 S.
508 816 650 857 Georgii
677 817 823 857 Pragen.
859 826 948 847 saec.
982 814 1032 846 14.
1059 817 1106 846 in.
1156 815 1238 847 Cod.
1265 816 1411 857 Pragen.
1438 817 1507 847 XII
1532 817 1562 848 E
1592 815 1632 848 15
1658 827 1688 848 a.
1716 818 1753 850 C.

185 877 229 881 —
254 862 382 901 Hymn.
417 872 478 892 ms.
513 862 546 892 S.
579 862 714 893 Mariae
740 862 971 903 Magdalenae
997 860 1373 902 Claustroneoburgen.
1409 863 1492 892 anni
1524 860 1620 894 1336.
1669 862 1753 895 Cod.

188 906 563 947 Claustroneoburgen.
610 905 702 938 1000.
742 909 783 938 D.
823 927 863 929 —
903 908 1000 938 ssrev.
1039 917 1100 937 ms.
1142 906 1325 937 Chimense
1362 908 1404 944 (2³)
1435 917 1525 939 saec.
1562 906 1612 939 14.
1670 908 1753 940 Cod.

190 952 435 983 Vindobonen.
473 950 570 983 1893.
603 952 644 983 Ε.
678 971 721 973 —
755 954 855 985 Brev.
890 963 950 983 rns.
988 954 1023 983 S.
1058 953 1213 983 Floriani
1251 962 1339 983 saec.
1377 950 1426 983 14.
1462 949 1511 993 [et
1546 950 1614 994 13]
1669 953 1753 986 Cod.

188 996 346 1028 Florian.
373 995 449 1028 384.
476 998 512 1029 F.
548 1015 567 1017 ν-
600 998 782 1030 Brev.1nS.
802 999 1010 1029 Pataviense
1028 1008 1116 1028 saec.
1140 996 1189 1027 14.
1233 997 1315 1029 cod.
1333 998 1544 1040 Lambacen.
1564 999 1755 1031 CLXXIV.

188 1042 227 1073 G.
255 1059 296 1064 —
323 1043 423 1073 Brev.
450 1053 511 1073 ms.
531 1043 933 1085 Claustroneoburgense
952 1053 1041 1074 saec.
1063 1041 1112 1073 14.
1157 1042 1237 1073 Cod.
1258 1043 1633 1085 Claustroneoburgen.
1657 1039 1753 1076 1199.

187 1088 233 1119 Η.
258 1106 301 1110 —-
336 1088 433 1118 Brev.
469 1099 529 1118 ms.
557 1089 591 1120 S.
618 1089 773 1120 Floriani
799 1100 888 1120 saec.
919 1086 969 1119 14.
1019 1088 1102 1120 (jod.
1129 1089 1282 1119 Florian.
1310 1090 1360 1119 XI
1384 1086 1459 1119 416.
1487 1090 1513 1120 Ι.
1539 1106 1583 1110 —
1608 1090 1754 1121 Collect.

188 1143 248 1164 ms.
276 1133 549 1173 Brigittinuinl‘?)
580 1144 668 1165 saec.
706 1133 755 1165 15.
805 1134 888 1166 Cod.
916 1134 1109 1165 Praedicat.
1136 1133 1381 1166 Vindobonen.
1408 1131 1482 1165 282.
1514 1136 1556 1166 K.
1585 1152 1623 1155 —-
1651 1136 1753 1166 Brev.

187 1189 249 1209 mS.
282 1178 315 1209 S.
349 1179 468 1209 Iacobi
502 1180 670 1210 Viennen.
705 1190 794 1210 saec.
832 1179 882 1210 15.
932 1179 1015 1211 eod.
1048 1179 1241 1210 Praedicat.
1274 1180 1516 1211 Vindobouen.
1551 1178 1604 1211 70.
1637 1182 1676 1212 L.
1710 1197 1754 1202 —

186 1225 287 1255 Brev.
320 1234 382 1255 ms.
409 1225 814 1266 Claustroneoburgense
848 1236 937 1256 saec.
966 1223 1016 1258 15.
1066 1225 1150 1256 Cod.
1178 1225 1554 1267 (llaustroneoburgen.
1584 1224 1680 1257 1189.
1705 1226 1752 1258 Μ.

187 1286 230 1290 -
256 1270 355 1300 Brev.
382 1274 414 1300 et
440 1271 534 1302 Orat.
562 1281 622 1301 mS.
649 1274 683 1302 ὃ.
712 1271 867 1302 Andreae
893 1270 936 1301 ad
960 1271 1119 1301 Traisam
1146 1280 1233 1300 saec.
1266 1268 1315 1300 15.
1358 1270 1443 1301 Cod.
1471 1271 1754 1313 Ducumburgen.

188 1313 241 1346 85.
275 1316 316 1346 N.
350 1332 391 1336 —
425 1317 523 1346 Brev.
559 1326 619 1346 ms.
654 1316 903 1357 Hospitalense
935 1326 1024 1346 saec.
1064 1314 1112 1345 15.
1171 1315 1253 1346 Cotl.
1288 1316 1435 1346 Panlan.
1470 1314 1523 1347 26.
1560 1315 1588 1348 1.
1622 1314 1665 1348 25
1696 1316 1754 1356 (ol.

188 1362 298 1402 Hosp.
333 1362 455 1392 memb.
494 1359 578 1400 122).
605 1362 645 1393 O.
680 1380 721 1383 —
756 1363 855 1393 Brev.
890 1372 950 1392 ms.
976 1362 1185 1392 Pataviense
1211 1370 1301 1391 saec·
1330 1359 1380 1392 15.
1431 1361 1513 1392 Cod.
1540 1362 1754 1393 Admunten.

187 1404 265 1438 874.
298 1406 336 1437 P.
372 1426 413 1428 —
447 1408 545 1438 Brev.
572 1417 632 1437 ms.
667 1407 1070 1447 Claustroueoburgense
1102 1416 1192 1437 saec.
1222 1404 1272 1436 15.
1299 1417 1350 1437 ex.
1400 1407 1482 1438 Cod.
1509 1407 1754 1439 Claustroneo-

188 1453 331 1493 burgen.
360 1449 456 1483 1169.
485 1454 524 1491 Q.

280 1498 369 1529 Alit*
396 1498 509 1529 haben
535 1509 599 1528 nur
624 1498 679 1528 die
698 1498 764 1528 Str.
793 1496 821 1535 1,
847 1495 876 1534 5,
905 1496 934 1527 7.
964 1515 1002 1518 -—
1026 1496 1052 1534 l,
1074 1495 1089 1528 1
1112 1498 1215 1534 Deus,
1241 1500 1379 1528 tuorum
1401 1497 1551 1535 domine,
1574 1499 1752 1538 HKLMQ.

188 1561 232 1564 ᾈ
261 1542 288 1579 l,
314 1542 335 1572 4
362 1543 495 1573 Exaudi
522 1554 661 1574 carmen
687 1544 728 1573 K.
754 1561 798 1564 —
823 1542 852 1576 2,
880 1541 900 1573 3
924 1544 965 1573 In
991 1546 1111 1573 ventre
1138 1546 1389 1583 protomartyre
1416 1544 1458 1574 D.
1490 1560 1517 1564 —
1537 1541 1568 1580 3,
1594 1542 1615 1574 4
1634 1545 1754 1575 Nostri

188 1589 256 1620 dux
290 1590 362 1620 KL.
390 1605 432 1609 —
464 1587 495 1625 4,
533 1588 545 1619 l
579 1590 774 1619 Coronatur
808 1589 856 1620 K:
889 1590 1020 1629 primus
1056 1587 1139 1619 fehlt
1165 1588 1205 1618 N.
1235 1605 1275 1608 *-
1301 1587 1331 1626 5,
1361 1586 1375 1618 1
1404 1590 1491 1619 Nam
1519 1592 1753 1630 protomartyr

190 1636 232 1673 C,
258 1635 358 1665 Nunc
385 1638 617 1675 protomartyr
644 1636 709 1665 ΒΟ.
737 1652 781 1654 ψ
810 1632 839 1669 5,
868 1632 889 1664 4
914 1634 987 1664 Deo
1016 1633 1151 1675 placere
1177 1634 1250 1664 LN.
1278 1651 1322 1655 —-
1348 1632 1377 1669 7,
1408 1633 1422 1664 1
1451 1635 1591 1675 Vosque
1617 1645 1683 1675 que
1711 1636 1751 1666 K.

189 1697 232 1700 —
267 1678 303 1713 7,,
323 1677 342 1709 2
374 1680 512 1710 Abiban
539 1681 579 1711 K.
606 1697 649 1700 —
674 1678 703 1715 7,
730 1677 750 1710 3
776 1679 842 1710 Pro
870 1678 935 1709 fine
962 1680 1036 1709 sine
1063 1679 1127 1709 Bc.
1155 1696 1195 1700 —-
1222 1677 1252 1716 7,
1278 1676 1299 1709 4
1325 1679 1445 1710 Finem
1471 1680 1571 1711 nobis
1597 1680 1676 1712 date
1702 1680 1751 1717 K3

188 1726 266 1756 Non
292 1725 370 1755 date
395 1724 496 1756 finem
519 1726 559 1755 N,
586 1742 629 1745 —
655 1726 725 1755 Der
743 1726 901 1765 Hymnus
928 1726 972 1754 ist
997 1724 1056 1755 der
1082 1725 1215 1764 einzige
1241 1730 1341 1755 unter
1365 1725 1431 1755 (len
1457 1725 1565 1763 secli-5,
1592 1726 1652 1756 der
1678 1725 1753 1757 sich

189 1772 235 1801 in]
265 1770 477 1811 gedruckten
503 1770 717 1801 Eichstiitter
742 1771 885 1801 Brevivr
911 1770 1006 1800 nicht
1032 1769 1145 1800 findet.

620 1949 702 1984 ⁸227.
739 1950 796 1991 (5.)
830 1949 888 1983 De
914 1948 1056 1983 sancto
1084 1948 1321 1984 Laurentio.

212 2059 246 2094 1.
281 2055 519 2091 Conscendat
551 2065 668 2100 usque
699 2054 826 2090 sidera
1025 2056 1062 2092 3.
1095 2055 1164 2099 Qui
1196 2055 1384 2100 superatis
1416 2054 1565 2101 ignibus

279 2111 458 2157 Caelique
488 2112 612 2157 pulset
643 2111 774 2147 intima
1095 2111 1144 2147 Et
1176 2111 1300 2156 impiis
1332 2111 1551 2154 tortoribus,

277 2169 360 2204 Vox
392 2175 504 2214 atque
536 2172 667 2204 cantus
699 2168 862 2204 omnium
1097 2167 1266 2203 Devictis
1297 2168 1420 2203 saevis
1452 2167 1621 2204 hostibus

279 2225 332 2260 'le
365 2224 484 2260 Deum
515 2225 823 2261 collaudantium.
1097 2224 1206 2260 Nunc
1236 2224 1375 2270 gaudet
1406 2225 1443 2260 in
1476 2225 1714 2262 caelestibus.

210 2339 246 2376 2.
280 2337 402 2373 Adest
435 2348 593 2383 namque
626 2337 813 2374 festivitas
1026 2339 1062 2375 4.
1098 2339 1185 2383 Ipse
1218 2337 1394 2382 dignetur
1424 2337 1623 2374 Dominum

278 2393 329 2429 Et
361 2394 440 2430 dies
473 2394 712 2442 venerabilis,
1097 2394 1242 2441 Rogare
1273 2394 1615 2439 clementissimum,

281 2450 324 2486 In
356 2461 427 2496 quo
462 2451 605 2487 caelum
637 2462 706 2497 pro
737 2450 880 2487 meritis
1094 2452 1145 2489 Ut
1176 2450 1224 2487 ab
1256 2451 1420 2487 aeternis
1451 2451 1600 2496 ignibus

282 2506 509 2543 Laurentius
540 2507 731 2554 ingressus
763 2512 831 2545 est.
1093 2507 1172 2543 Nos
1204 2507 1325 2543 salvet
1357 2511 1393 2543 et
1425 2507 1683 2544 daemonibus,

580 2623 617 2658 5.
667 2621 746 2656 Deo
778 2620 879 2666 patri
911 2619 957 2655 sit
990 2619 1111 2665 gloria

670 2677 837 2723 Eiusque
868 2676 937 2712 soli
969 2674 1046 2712 filio

669 2733 759 2769 Cum
791 2733 929 2779 spiritu
961 2732 1145 2778 paraclito

666 2789 717 2825 Et
747 2800 846 2825 nunc
877 2793 915 2825 et
944 2790 981 2826 in
1013 2793 1249 2835 perpetuum,
