1785 3111
692 94 747 98 —-
806 71 887 112 475

61 182 116 218 33.
158 185 188 218 Ο
211 185 336 224 Maria,
362 196 381 217 0
407 189 445 217 tu
469 186 540 227 pia,
882 181 936 216 39.
973 183 1002 215 O
1028 184 1190 226 benigna,
1216 183 1320 215 laude
1344 183 1450 226 digna

198 230 302 262 Pacis
326 232 385 263 via
409 231 594 270 mentibus,
1021 229 1198 261 Salvatrix
1222 228 1389 267 fidelium,

152 276 225 308 Dat
249 276 405 308 solamen
431 279 465 308 et
489 277 649 308 levamen
973 275 1086 307 Mater
1111 276 1188 311 Dei,
1215 274 1328 306 cordis
1355 275 1422 306 mei

198 322 312 353 Tuum
335 332 462 354 nomen
488 322 660 354 omnibus.
1020 320 1153 352 Munda
1177 320 1404 351 domicilium.

61 394 116 429 34.
154 396 258 438 Spem
283 399 448 438 reportat,
473 406 532 427 cor
555 397 739 437 confortat,
881 392 935 427 40.
973 395 1087 426 Mater
1111 395 1203 433 felix,
1230 404 1319 436 quae
1344 394 1407 425 das
1433 394 1540 425 caelis

198 441 309 473 Dulce
334 446 437 473 sonat
460 442 617 479 nimium,
1019 440 1066 472 Et
1090 443 1202 472 terrae
1227 440 1410 478 laetitiam,

156 486 242 519 Cum
267 487 418 524 dulcore,
444 498 521 518 cum
547 497 664 519 amore
974 486 1143 518 Caritatis
1170 489 1275 526 atque
1302 487 1397 525 pacis

199 531 276 564 Stat
299 534 336 564 in
361 543 419 564 ore
445 534 610 564 omnium.
1022 532 1168 563 Praesta
1191 531 1276 562 mihi
1302 532 1461 573 gratiam.

61 604 117 639 35.
156 607 185 639 O
209 606 333 644 Maria,
361 610 471 638 mater
495 607 565 648 pia,
883 603 937 638 41.
975 605 1004 636 Ο
1030 615 1109 647 spes
1134 614 1221 641 mea,
1248 604 1290 636 ad
1317 616 1370 637 me
1398 614 1475 635 mea

198 652 290 684 Dum
314 661 461 694 generas
486 651 607 689 filium,
1019 650 1125 682 Dulci
1151 650 1265 681 cordis
1290 651 1430 681 tramite

152 698 225 729 Nos
251 697 292 729 de
318 698 428 739 portis
455 697 552 729 dirae
578 698 700 728 mortis
974 696 1021 727 Et
1045 706 1099 727 me
1125 698 1223 727 necte
1247 696 1327 727 viae
1353 699 1467 727 rectae

200 742 366 774 Perducis
392 743 435 774 ad
460 743 637 784 gaudium.
1022 741 1268 773 Mandatorum
1294 742 1448 772 semitae.

61 813 115 848 36.
153 817 243 848 Nam
269 817 348 848 (lum
375 817 467 848 facta
492 820 527 848 et
552 817 715 848 mandata
881 813 936 847 42.
973 816 1002 847 O
1028 814 1191 853 iucunda,
1218 814 1336 846 sordes
1363 815 1491 846 munda

198 863 281 894 Nati
306 864 354 894 tui
384 863 571 904 sequimur,
1019 861 1149 892 Mentis
1175 870 1272 892 meae
1298 861 1450 896 sauciae,

153 908 238 939 Post
260 907 351 940 hanc
376 908 488 939 lucem
513 908 602 939 caeli
628 907 749 939 ducem
977 906 1036 938 Uti
1061 906 1170 937 laeter
1195 909 1229 937 et
1254 905 1422 937 iucunder

198 954 239 985 In
264 956 384 995 requie
407 951 498 993 (con)
522 953 710 994 sequimur.
1021 953 1134 983 Domo
1161 952 1406 983 conscientiae.

61 1024 116 1060 37.
154 1028 262 1069 Virgo
288 1026 417 1059 munda
442 1030 476 1058 et
499 1026 658 1066 fecunda,
883 1024 938 1058 43.
980 1025 1112 1063 Gaude,
1140 1029 1271 1064 sancta,
1298 1035 1359 1066 per
1385 1035 1487 1065 quam
1514 1027 1614 1055 tanta

197 1073 320 1104 Dulcis
347 1083 425 1114 spes
451 1073 654 1111 amantium,
1021 1072 1116 1103 Deus
1143 1071 1269 1102 mundo
1295 1071 1430 1108 tribuit,

152 1119 250 1158 Quae
275 1119 405 1149 amicta
429 1128 533 1150 carne
562 1119 630 1150 sita
976 1116 1076 1156 Quod
1103 1120 1282 1148 aeternum
1307 1116 1375 1147 Dei
1400 1116 1543 1147 verbum

197 1163 303 1196 Caelo
329 1165 427 1196 iuxta
451 1163 572 1202 filium,
1019 1163 1060 1193 In
1085 1165 1119 1193 te
1143 1172 1282 1193 carnem
1309 1161 1433 1193 induit.

60 1234 113 1271 38.
150 1237 201 1269 Es
230 1248 381 1279 superna
406 1241 588 1279 praestans
614 1237 705 1269 dona
884 1235 939 1268 44.
976 1237 1025 1268 Te
1051 1236 1194 1268 laudare
1219 1239 1253 1267 et
1277 1245 1395 1267 amare

197 1282 368 1315 Omnibus
392 1283 564 1321 fidelibus,
1023 1283 1078 1313 Da
1103 1282 1190 1312 mihi
1216 1292 1293 1312 cum
1318 1280 1460 1322 gaudio,

153 1329 221 1360 His
246 1330 418 1370 inprimis,
444 1330 503 1370 qui
530 1328 657 1370 opimis
977 1327 1090 1368 Atque
1114 1327 1203 1358 velis
1229 1337 1283 1358 me
1309 1328 1345 1357 iu
1370 1327 1477 1358 caelis

199 1374 284 1405 Tuis
310 1375 443 1406 instant
468 1374 643 1406 laudibus.
1022 1374 1253 1404 Praesentare
1278 1371 1362 1403 filio.

154 1442 243 1474 Hier
267 1442 384 1484 folgen
411 1452 474 1474 aus
499 1441 695 1483 Rhythmus
721 1441 770 1473 IV
796 1441 866 1473 Str.
891 1439 1038 1474 26ffi29.

732 1546 856 1583 Pars
898 1545 964 1584 VI.

89 1623 116 1659 1,
154 1625 275 1667 Virgo,
300 1623 423 1665 gaude,
452 1623 559 1665 digna
583 1623 697 1662 laude,
908 1621 938 1653 7.
976 1622 1078 1653 Flore
1105 1622 1202 1653 salvo
1229 1623 1332 1653 huius
1357 1631 1437 1652 caro

200 1670 307 1701 Porta
333 1669 430 1701 salve
454 1669 597 1706 caelica,
1023 1668 1149 1699 Fervet
1175 1668 1401 1705 aromatibus,

156 1716 253 1755 Quae
277 1715 420 1753 fulsisti,
445 1724 535 1755 quae
560 1714 658 1746 fuisti
978 1714 1059 1753 Ipsa
1084 1714 1208 1744 miram
1235 1714 1382 1754 primam
1408 1721 1560 1752 myrram

199 1762 313 1792 Mater
338 1760 468 1792 Christi
494 1761 608 1791 unica.
1023 1759 1141 1790 Castis
1168 1759 1279 1799 spirat
1303 1758 1475 1789 manibus

88 1832 119 1866 2.
155 1835 307 1877 Fulgens
334 1843 403 1865 una
428 1834 506 1876 plus
532 1844 635 1875 quam
660 1834 745 1866 luna
908 1829 939 1864 8.
976 1832 1075 1864 Haec
1100 1833 1301 1874 unguentis,
1335 1832 1421 1863 haec
1448 1830 1637 1873 pigmentis

203 1879 262 1911 Sol
288 1883 322 1911 et
346 1883 471 1911 cuncta
496 1879 620 1919 sidera,
1024 1878 1151 1909 Sacrae
1178 1878 1303 1909 mentis
1329 1878 1451 1915 affluit,

157 1925 186 1957 A
212 1925 353 1957 caducis
377 1935 441 1956 nos
467 1925 585 1957 educis
978 1925 1075 1955 Haec
1101 1923 1252 1961 odorem,
1278 1923 1363 1954 haec
1389 1923 1557 1954 maiorem

202 1971 349 2002 Monens
373 1970 461 2002 lucis
487 1981 603 2012 opera.
1022 1969 1128 2002 Caelo
1157 1969 1276 2000 florem
1301 1969 1433 2010 genuit.

88 2042 120 2077 3.
157 2044 381 2077 Concubinae
407 2047 441 2076 et
464 2045 606 2086 reginae
909 2041 941 2075 9.
980 2044 1008 2075 O
1034 2043 1169 2075 felicem
1195 2043 1414 2085 genetricem,

203 2090 285 2121 Tibi
310 2089 415 2132 digne
441 2091 623 2130 cantitant,
1023 2090 1088 2120 Per
1113 2098 1217 2130 quam
1243 2098 1363 2129 pacem
1389 2087 1612 2127 sumpsimus,

161 2136 348 2177 Speciosae
373 2145 414 2167 ac
438 2135 612 2167 formosae
978 2135 1007 2166 O
1031 2134 1181 2171 felicem,
1207 2144 1312 2175 quam
1337 2132 1536 2169 doctricem,

204 2180 285 2213 Tibi
312 2191 460 2222 sponsae
485 2181 649 2212 militant.
1025 2180 1131 2210 Lucis
1156 2179 1268 2210 lucem
1294 2178 1486 2209 hausimus.

89 2252 122 2286 4.
159 2254 318 2286 Cinciam
346 2255 480 2295 florum,
504 2255 659 2286 liliorum
890 2250 942 2285 lO.
980 2253 1009 2285 O
1036 2254 1072 2284 in
1097 2252 1204 2283 caelis
1231 2261 1380 2294 regnans
1405 2250 1498 2287 felix,

203 2300 254 2332 Ac
279 2310 436 2331 rosarum
463 2300 579 2341 specie
1026 2299 1106 2330 Dux
1131 2296 1243 2329 fidelis
1268 2298 1436 2338 gentium,

158 2346 207 2378 Te
232 2345 402 2377 facundae
427 2355 467 2376 ac
491 2345 659 2376 fecundae
981 2344 1009 2375 O
1036 2347 1073 2375 tu
1098 2344 1198 2374 fortis
1224 2343 1351 2374 victrix
1376 2342 1508 2379 mortis,

204 2390 368 2422 Laudant
393 2394 537 2422 cunctae
562 2389 667 2421 filiae.
1025 2390 1123 2420 Finis
1149 2389 1271 2420 mortis
1296 2388 1475 2419 mentium.

91 2462 123 2495 5.
158 2463 246 2495 Tam
271 2466 429 2501 venusta,
456 2467 527 2495 tam
553 2467 702 2505 augusta
894 2460 944 2494 11.
982 2463 1010 2494 O
1036 2462 1098 2493 flos
1124 2462 1258 2500 florum,
1284 2461 1419 2493 doctrix
1442 2469 1589 2497 morum,

205 2510 303 2549 Quae
328 2512 380 2541 est
405 2509 483 2547 ista,
510 2509 684 2551 inquiunt,
1027 2507 1238 2549 Angelorum
1264 2507 1415 2547 domina,

160 2554 273 2593 Quam
297 2554 463 2586 caelestes
489 2558 523 2586 et
547 2558 726 2586 terrestres
981 2554 1109 2584 Nostra
1133 2552 1222 2589 Eva,
1249 2556 1368 2584 nostra
1392 2553 1494 2584 laeva

204 2597 401 2632 lerarchiae
427 2600 610 2631 ambiunt?
1023 2599 1152 2630 Nostra
1177 2598 1256 2629 lava
1283 2599 1441 2629 crimina.

93 2670 124 2705 6.
162 2673 269 2705 Cuius
293 2683 403 2715 genae
429 2677 509 2705 sunt
534 2684 675 2705 serenae
892 2670 943 2704 1⁵2.
981 2672 1010 2704 O
1035 2672 1146 2713 polita
1172 2673 1370 2713 margarita,

208 2719 315 2757 Quasi
339 2729 448 2761 genae
474 2720 628 2753 turturis,
1028 2717 1134 2759 Regis
1162 2719 1231 2748 sita
1255 2718 1394 2753 vertice,

164 2763 393 2795 Columbinus
418 2775 458 2795 ac
483 2765 654 2806 benignus
981 2763 1009 2795 Ο
1037 2762 1198 2794 sublimis
1223 2763 1315 2793 facta
1340 2762 1444 2792 nimis

206 2808 312 2840 Visus
337 2819 458 2851 expers
483 2809 641 2851 fulguris.
1024 2809 1096 2840 Nos
1124 2809 1161 2839 in
1186 2808 1265 2838 imis
1291 2808 1435 2847 respice.
