1785 3111
93 192 161 230 73.
203 189 305 228 Proh
341 189 461 239 dolor,
494 189 610 236 igitur
915 190 935 226 7
955 187 992 228 b.
1024 188 1219 226 Mactatur
1249 185 1422 234 pontifex

203 246 323 284 Dolus
358 246 560 294 detegitur,
1027 244 1142 283 Sacer
1174 249 1210 281 et
1242 242 1406 281 sacrifex

261 303 313 340 Et
342 303 434 350 quid
464 300 659 340 atrocius?
1083 301 1144 338 Fit
1178 300 1404 338 sacrificium

261 361 340 407 Quo
370 363 479 406 patre
508 358 609 396 filius
1084 358 1206 395 Suave
1237 357 1390 394 nimium

318 416 552 465 Immolatur,
1140 414 1355 452 Maiestatis

260 473 336 510 Hic
367 483 386 509 e
418 472 608 510 contrario
1086 471 1260 508 Summae
1293 470 1571 517 conspectibus,

262 530 378 567 Pater
408 540 430 566 a
460 528 539 566 filio
1087 529 1160 565 Res
1192 528 1308 564 mira!
1342 527 1516 564 manibus

317 586 561 626 Trucidatur.
1143 584 1376 623 Exsecratis.

205 643 329 682 Ornat
359 643 499 680 altaria
1028 641 1187 678 Punitus
1219 641 1358 689 gladiis

262 699 458 748 Spiritalis
1084 698 1344 744 Anglicorum⁷

203 758 284 795 Iam
315 757 465 803 pridem
497 756 619 794 hostia
1026 754 1177 792 Potitur
1207 754 1356 801 gaudiis

261 813 532 862 Triumphalis
1083 811 1327 858 Angelorum.

184 914 250 956 Ep.
276 914 407 945 XVIII.
432 931 476 934 —
501 914 565 951 N„
598 913 779 944 carissimo
805 911 901 943 fratri
931 922 1011 949 suo,
1046 911 1214 942 militanti
1240 912 1314 943 Deo
1340 912 1434 943 vitae
1459 912 1658 943 claustralis

92 962 127 991 iu
161 960 287 991 castris
313 959 420 991 Ochis
454 959 517 990 sub
546 959 656 1000 nigris
683 958 905 989 indumentis.
934 974 972 978 —
1000 957 1065 988 Am
1095 953 1252 988 Schluss:
1292 957 1413 997 „Quod
1440 958 1468 988 si
1497 968 1566 988 non
1592 959 1661 989 ista

91 1005 288 1043 sufficiunt,
323 1005 481 1042 interim,
517 1004 626 1035 donec
658 1014 722 1034 nos
757 1003 943 1035 offeramus
969 1003 1120 1034 invicem
1146 1002 1256 1033 oculis
1283 1007 1316 1034 et
1341 1003 1471 1034 osculis
1497 1014 1559 1034 nos
1585 1005 1660 1034 iun-

90 1061 230 1093 gamus,
266 1060 406 1091 precor,
440 1053 478 1080 ut
506 1051 543 1080 in
568 1049 738 1091 epistolae
762 1049 830 1080 fine
855 1049 1024 1089 respicias
1050 1052 1083 1079 et
1108 1049 1258 1089 recipias
1285 1058 1346 1089 pro
1372 1048 1495 1079 solacii
1523 1049 1661 1090 supple-

91 1100 207 1128 mento
232 1105 383 1133 carmen,
414 1092 509 1137 quod
534 1095 576 1126 de
601 1096 683 1126 novi
710 1098 743 1126 et
768 1095 869 1126 electi
894 1094 1059 1134 martyris
1085 1097 1119 1124 et
1144 1093 1416 1134 archipraesulis
1442 1095 1516 1126 Deo
1542 1094 1660 1126 dilecti

91 1143 247 1174 Thomae
273 1142 464 1172 victoriosa
490 1142 654 1183 passione
679 1141 910 1182 compositum
935 1139 1001 1170 tibi
1026 1136 1162 1170 mitto“.
1190 1156 1231 1159 —

182 1185 250 1226 33,
278 1184 294 1218 1
321 1186 549 1219 Adversante.
575 1204 619 1207 —

451 1342 532 1378 360.
569 1343 649 1385 (17.)
685 1343 743 1377 De
770 1351 803 1377 s.
830 1341 980 1377 Thema
1006 1341 1307 1378 CautnarienSi.

94 1441 131 1478 1.
179 1438 283 1486 Luge
314 1438 420 1483 lucis,
453 1438 606 1485 Anglia,
918 1439 954 1476 3.
1004 1437 1080 1474 Dat
1114 1437 1284 1474 caritatis
1320 1438 1483 1474 stadium

234 1495 392 1532 Sublato
424 1494 495 1531 tibi
528 1495 649 1543 radio,
1058 1494 1221 1540 Largam
1255 1494 1409 1531 dolendi
1442 1495 1589 1541 copiam

234 1553 349 1601 Luge‚
382 1555 517 1600 mater,
549 1562 619 1598 pro
650 1550 742 1599 filio,
1057 1551 1109 1588 Et
1139 1551 1335 1588 maerendi
1367 1552 1579 1600 materiam,

179 1609 322 1655 Plange
351 1612 511 1658 patrem,
545 1607 638 1656 filia,
1003 1607 1078 1645 Sed
1109 1607 1286 1645 vincendi
1319 1608 1482 1645 studium

179 1666 335 1712 Plange‚
371 1665 589 1712 Cantuaria,
1001 1665 1051 1701 Et
1082 1664 1269 1701 vincentis
1301 1665 1508 1711 praemium

235 1722 354 1758 Tuum
390 1722 505 1759 decus
537 1726 574 1758 et
606 1721 794 1766 decorem,
1057 1722 1202 1759 Premit
1235 1732 1386 1758 oausam
1417 1722 1608 1767 tristitiae,

235 1778 625 1827 Sponsavirum‚grex
637 1783 843 1827 pastorem,
1058 1778 1134 1815 Dat
1165 1779 1331 1825 gaudere
1363 1779 1545 1816 victoriae

179 1835 407 1882 Magistrum
440 1835 613 1874 ecclesia.
1003 1835 1151 1873 Corona
1179 1835 1424 1882 stipendium.

95 1940 131 1976 2.
179 1937 253 1975 Sed
285 1937 519 1984 parcendum
551 1937 677 1983 potius
915 1940 954 1977 4.
1003 1937 1100 1974 Nam
1131 1942 1238 1974 tanta
1270 1938 1317 1974 de
1348 1937 1518 1986 praemio

235 1994 307 2031 Est
337 1994 519 2040 lacrimis,
553 2005 625 2030 vox
655 1992 824 2031 flentium
1057 1994 1345 2041 Triumphantis
1378 1994 1490 2031 debet
1523 2004 1616 2041 esse,

235 2050 489 2088 Convertatur
518 2050 555 2087 in
588 2050 791 2099 gaudium3
1057 2051 1149 2088 Tam
1182 2051 1377 2097 sollennis,
1411 2057 1467 2088 est
1495 2061 1662 2101 necesse,

177 2107 274 2144 Nam
308 2108 355 2144 de
386 2112 507 2144 morte
540 2108 679 2144 clarius
1000 2107 1057 2145 Sit
1087 2112 1128 2144 ut
1160 2108 1374 2157 exsultatio,

177 2164 405 2211 Triumphat
436 2164 608 2211 egregius
999 2165 1148 2210 Quanta
1180 2164 1227 2201 de
1258 2164 1449 2211 supplicio

236 2220 379 2258 Christi
401 2221 522 2267 miles,
556 2231 666 2268 quem
689 2221 840 2267 decepit
1058 2220 1240 2258 Patientis
1273 2226 1311 2256 et
1341 2231 1472 2270 agone,

234 2277 371 2316 Mortis
404 2288 490 2314 reus
522 2282 559 2314 et
587 2277 784 2324 praecepit
1056 2277 1113 2314 De
1145 2277 1256 2314 beata
1288 2278 1464 2324 passione

174 2334 310 2372 Occidi
340 2345 408 2371 rex
441 2334 592 2381 impius
999 2334 1116 2378 Quam
1147 2334 1212 2380 pia
1243 2335 1468 2381 compassio,

722 2419 743 2442 *
1010 2419 1031 2442 ³1<

864 2451 886 2475 >k

95 2516 132 2552 5.
181 2514 284 2550 Haec
315 2518 372 2550 est
402 2514 469 2551 illa
499 2514 740 2551 lacrimarum
916 2516 953 2553 6.
1002 2515 1123 2552 Lavat
1153 2515 1236 2552 istis
1268 2526 1308 2552 se
1338 2516 1514 2553 lamentis

233 2570 423 2618 Bipertita
453 2570 601 2613 divisio,
1059 2572 1136 2610 Sub
1168 2572 1303 2609 timore
1335 2574 1572 2624 constitutus,

237 2628 338 2673 Quas
359 2627 580 2664 bimembris
603 2629 842 2674 compunctio
1057 2628 1132 2666 Sed
1166 2639 1293 2666 amore
1324 2630 1513 2666 resolutus

181 2683 302 2720 Fonte
333 2684 454 2721 trahit
483 2685 704 2733 gratiarum,
1002 2685 1227 2722 Consolatur
1258 2686 1316 2722 his
1347 2685 1511 2734 fluentis,

183 2739 234 2777 Ut
262 2739 300 2776 in
331 2751 440 2778 sacro
471 2742 747 2789 scripturarum
1000 2743 1158 2779 Aestum
1190 2741 1387 2789 liquefacit
1420 2743 1567 2785 mentis,

241 2796 456 2834 Invenimus
488 2797 649 2844 eloquio.
1058 2799 1111 2837 Ut
1143 2799 1303 2837 dilectus
1335 2803 1391 2836 est
1421 2799 1581 2837 locutus.
