1785 3111
755 93 1065 133 —510—

577 209 614 244 9.
666 205 748 245 Iam
781 207 993 254 triumphat
1023 207 1190 245 aemulos

718 265 819 301 Laus
850 266 998 301 tuo'rum
1026 268 1189 308 actuum,

663 321 762 358 Tuos
795 321 895 357 canit
927 321 1101 367 circulos,

717 376 894 415 Celebrat
924 387 1061 414 nomen
1091 382 1195 414 tuum

660 434 831 471 Aeterua
860 435 1053 480 memoria,

662 490 749 527 Tibi
779 491 861 527 laus
893 494 931 528 et
961 490 1082 537 gloria

723 547 834 584 Nunc
865 551 900 584 et
932 547 971 583 in
1002 550 1240 594 perpetuum.

214 628 327 670 Epist.
354 630 396 660 V.
429 647 473 651 ——
503 631 728 663 Adulescenti
759 631 968 663 clarissimo.
1002 648 1046 652 —-
1078 632 1143 662 Am
1170 630 1323 662 Schluss:
1359 631 1508 671 „Verum
1541 632 1624 673 quia
1656 634 1690 663 te

123 675 276 713 cognovi
303 676 552 715 promerendae
578 677 749 708 scholaris
774 686 891 708 amore
916 677 1050 718 gloriae
1077 680 1111 707 et
1136 676 1317 707 dulcedine
1343 676 1499 707 laetitiae
1525 676 1689 708 iuvenilis

123 718 288 757 illectum,
319 725 450 760 quanta
477 721 574 753 decet
600 722 778 753 hilaritate
804 722 958 753 nobilem
980 723 1135 753 animum
1153 724 1352 760 exspectata
1368 721 1497 763 gaudia
1514 721 1555 754 de
1571 722 1689 753 baculi

122 763 317 797 festivitate
343 766 434 797 clero
462 767 659 809 populoque
682 771 763 799 tuae
781 768 936 798 civitatis
955 769 991 798 in
1009 769 1091 799 anni
1109 767 1281 808 principio
1300 766 1524 805 redditurum,
1549 777 1690 799 carmen

123 810 294 850 epistulae
328 812 505 843 subditum
538 814 637 844 mitto
672 813 738 844 tibi
774 813 815 844 de
848 816 881 844 te
911 813 1048 844 noviter
1073 813 1222 850 editum,
1256 813 1409 844 lascivae
1435 813 1628 844 iuventutis
1652 814 1689 843 in

123 854 226 886 choro
250 866 366 887 coram
391 860 425 888 te
450 857 688 889 modulatione
713 858 897 890 dulcisona
922 856 1210 889 deea11tandu1n“.

214 900 311 932 Nach
335 901 402 933 Str.
431 901 445 933 1
473 903 589 944 folgen
614 903 704 934 noch
729 904 784 935 die
802 904 927 935 Vei-se:
955 904 1024 943 Qui
1049 904 1267 945 praeclarum
1292 914 1417 946 genere
1440 901 1443 944 i
1467 902 1510 935 Se
1534 903 1689 934 declarat

123 956 242 987 opere,
277 947 332 978 die
366 947 442 979 dem
467 948 667 980 Versmasse
692 949 781 980 nach
807 949 1031 989 iiberziihlig.
1065 949 1142 980 deni
1169 950 1277 980 Sinne
1302 948 1391 981 nach
1417 948 1492 980 sich
1516 948 1611 980 nicht
1635 948 1688 979 als

122 991 312 1023 Rundreim
337 993 499 1034 anfiigen.
525 1011 570 1014 —
594 993 671 1035 Vgl.
698 995 813 1026 Neues
839 994 969 1025 Archiv
995 994 1089 1034 XVI,
1116 992 1170 1026 74.

500 1131 582 1168 346.
620 1132 676 1174 (3.)
711 1133 756 1167 In
784 1132 1098 1169 Circumcisione
1124 1132 1299 1169 Domini.

727 1204 779 1234 De
806 1204 909 1235 Festo
934 1203 1069 1235 Baculi.

120 1283 156 1320 1.
201 1282 329 1318 Adest
362 1282 442 1319 dies
944 1287 981 1322 4.
1029 1284 1149 1322 Decet
1183 1294 1272 1330 ergo

260 1342 403 1387 optata,
439 1339 542 1389 socii,

201 1394 394 1442 Quidquid
426 1402 539 1442 agant

259 1457 295 1487 et
327 1452 445 1489 velint
477 1453 555 1503 alii,

202 1507 280 1545 Nos
314 1508 488 1545 choream
592 1546 598 1548 .

260 1565 441 1602 ducamus
473 1566 613 1612 gaudii.

315 1623 389 1659 Pro
422 1622 556 1659 baculo

258 1678 439 1715 Exsultet
471 1679 584 1716 hodie

317 1735 440 1771 clerus
473 1746 556 1772 cum
587 1736 739 1783 populo,

144 1847 151 1855 .
199 1818 285 1855 Hoc
317 1819 489 1856 omnibus

257 1886 372 1911 unum
404 1877 594 1923 negotium

200 1930 320 1968 Nobis
352 1932 470 1969 instat

258 1992 293 2024 et
327 1993 439 2035 negat
471 1990 602 2038 otium,

197 2044 387 2082 Laetitiae

258 2101 363 2138 Dans
396 2102 630 2139 exercitium.

317 2158 390 2195 Pro
421 2158 556 2196 baculo

254 2214 434 2252 Exsultet
466 2215 579 2252 hodie

315 2271 437 2308 clerus
469 2283 553 2309 cum
585 2272 737 2319 populo.

143 2384 150 2391 .
196 2354 226 2392 O
257 2365 372 2400 quam
406 2355 511 2404 felix,

190 2432 195 2437 -
257 2410 361 2447 cuius
394 2412 442 2448 ad
475 2413 613 2459 gaudia

199 2467 437 2505 Conveniunt

257 2523 304 2560 de
335 2527 415 2560 tota
446 2523 611 2561 Francia

197 2577 423 2617 Referentes

256 2635 289 2672 ei
321 2637 536 2681 praeconia.

313 2693 388 2729 Pro
418 2693 552 2730 baculo

256 2748 434 2786 Exsultet
465 2749 577 2786 hodie

314 2805 438 2842 clerus
471 2816 553 2843 cum
583 2806 737 2853 populo.

1081 1340 1206 1378 baculi
1239 1340 1418 1388 baiulum,

1023 1397 1167 1434 Tantae
1197 1397 1279 1434 iure

1080 1454 1204 1491 laudis
1235 1454 1284 1490 ad
1316 1454 1504 1491 cumulum

1022 1510 1125 1547 Bene
1155 1511 1270 1557 gestis

1077 1571 1118 1604 ut
1150 1571 1249 1604 emat
1280 1567 1478 1606 aemulum.

1135 1625 1210 1661 Pro
1241 1622 1377 1660 baculo

1078 1680 1256 1717 Exsultet
1287 1680 1400 1717 hodie

1137 1737 1259 1774 clerus
1291 1747 1374 1773 cum
1405 1736 1559 1784 populo,

937 1825 974 1861 5.
1023 1822 1168 1859 Novum
1202 1822 1318 1858 dandi

1078 1888 1193 1925 genus
1224 1878 1440 1927 inventitat,

1022 1934 1243 1972 Petentibus

1077 1991 1131 2027 ita
1162 1990 1408 2039 subventitat,

1017 2048 1124 2094 Quod
1155 2052 1328 2094 petentes

1078 2104 1204 2141 dando
1234 2104 1502 2151 praeventitat.

1134 2160 1209 2197 Pro
1241 2160 1375 2197 baculo

1077 2216 1253 2254 Exsultet
1284 2215 1398 2254 hodie

1135 2273 1258 2310 clerus
1290 2283 1373 2310 eum
1404 2273 1557 2320 populo.

938 2359 974 2397 6.
1021 2357 1143 2394 Dator
1172 2357 1238 2393 ille

1077 2424 1151 2450 non
1183 2413 1297 2450 debet
1327 2413 1481 2461 negligi,

1022 2471 1096 2507 Pro
1126 2479 1166 2506 se
1199 2470 1297 2507 dona

1071 2525 1142 2572 Qui
1173 2526 1290 2573 magis
1323 2525 1449 2572 colligi

1018 2583 1137 2629 Quam
1170 2582 1346 2620 donando

1076 2648 1116 2675 se
1148 2636 1240 2675 facit
1271 2638 1392 2686 diligi.

1132 2695 1207 2732 Pro
1237 2694 1372 2731 baculo

1074 2750 1251 2788 Exsultet
1282 2750 1396 2787 hodie

1131 2807 1254 2844 clerus
1286 2817 1368 2844 cum
1400 2807 1553 2854 populo.
