1785 3111
769 65 1075 105 —284—

143 180 200 210 fiir
226 180 378 216 Fulbert,
405 179 479 210 dass
504 178 559 209 die
584 178 780 219 Doxologie
805 177 865 208 des
883 177 1044 217 Hymnus
1069 178 1222 210 dieselbe
1246 179 1292 209 ist
1316 178 1382 209 wie
1399 178 1454 209 die
1472 178 1531 209 des
1549 179 1709 219 Hymnus

146 225 209 256 auf
238 225 304 256 den
337 225 382 255 111.
409 224 506 255 Geist
539 222 611 262 (Nr.
637 221 680 258 6).
730 225 775 253 b'o
811 222 898 253 muss
932 233 967 254 es
1000 224 1055 254 bei
1088 223 1163 254 dem
1189 223 1384 254 Verdachte
1416 224 1492 255 sein
1516 223 1711 255 Bewenden

146 269 273 302 haben.
313 269 433 300 Sicher
450 270 495 299 ist
514 268 575 299 der
593 268 753 309 Hymnus
772 268 1031 299 franzosischen
1049 269 1260 311 Ursprungs,
1282 268 1326 299 da
1344 279 1381 300 er
1398 270 1434 299 in
1451 268 1710 300 franztisischen

147 314 420 347 Handschriften
444 313 571 355 hiinfig,
597 313 797 345 ausserhalb
824 313 1039 344 Frankreich
1064 314 1214 345 'ausserst
1239 314 1351 345 selten
1379 313 1452 345 sich
1478 313 1595 345 findet.

624 446 705 482 214.
745 447 800 489 (4).
837 448 895 482 De
922 448 1065 482 sancta
1091 447 1232 484 cruce.

350 541 539 579 Vexillum
569 541 667 588 regis
700 541 918 577 venerabile
950 545 1085 578 cuncta
1117 542 1296 589 regentis,

344 599 373 636 Ο
407 609 497 634 crux
529 603 671 644 sancta,
704 598 847 634 micans
879 609 995 643 super
1026 598 1150 635 onmia
1181 599 1308 635 sidera
1341 598 1450 645 caeli,

344 653 547 691 Mortifero
578 654 697 700 lapsis
728 658 837 700 gustu
870 665 965 700 quae
999 655 1080 691 sola
1111 660 1284 700 reportas

346 711 570 748 Antidotum
604 711 716 759 vitae,
754 710 919 747 fructum
951 721 1135 757 suspensa
1165 722 1384 759 perennem,

278 770 299 805 5
346 768 400 804 Te
432 768 525 816 colo,
560 773 597 803 te
629 766 755 804 fateor
786 778 983 811 venerans,
1016 773 1053 803 te
1084 779 1226 813 pronus
1258 768 1388 806 adom.

347 824 519 861 Christus
551 824 794 872 principium,
828 824 925 871 finis,
958 824 1154 874 surrectio,
1188 825 1278 874 vita,

344 881 508 926 Merces,
541 881 616 930 lux,
650 881 811 929 requies,
848 885 1061 917 sanctorum
1096 881 1209 925 doxa,
1243 892 1394 927 corona,

347 939 422 975 Pro
454 938 574 974 servis
605 938 790 974 Dominus
823 937 1055 974 redimendis
1087 938 1211 975 hostia
1242 936 1377 985 factus,

349 995 391 1030 In
426 999 463 1029 te
494 995 731 1040 suspendens
764 1005 831 1041 per
861 995 1001 1040 lignum
1032 995 1157 1031 toxica
1187 995 1281 1041 ligni

252 1052 303 1089 10
352 1049 535 1097 Purgavit
568 1052 717 1087 clausae
750 1052 955 1087 reserando
985 1051 1116 1087 limina
1148 1051 1262 1088 vitae.

352 1107 498 1144 Tantae
529 1119 619 1154 pars
651 1118 718 1154 ego
750 1119 830 1144 sum
861 1107 1064 1156 libertatis,
1098 1107 1193 1144 bone
1223 1112 1367 1154 pastor,

352 1165 427 1201 Sed
459 1165 559 1201 mala
590 1175 740 1210 semper
771 1175 885 1207 agens
917 1175 1105 1210 nunquam
1137 1164 1206 1200 tibi
1239 1164 1352 1211 digna
1383 1163 1555 1210 rependi.

353 1221 448 1267 Heu,
480 1221 571 1257 mihi
603 1222 675 1257 iam
709 1221 860 1257 bibulae
892 1232 1085 1257 numerum
1119 1221 1378 1257 transscendit
1407 1230 1546 1257 arenae

352 1277 509 1314 Sarcina
539 1278 753 1322 multorum,
787 1277 878 1313 mihi
910 1288 1005 1323 quae
1037 1288 1202 1326 crevere,
1234 1277 1441 1314 malorum!

254 1335 302 1372 15
352 1334 426 1371 Sed
458 1334 548 1381 quia⁴
576 1335 769 1381 peccantis
801 1334 926 1380 potius
955 1334 1054 1371 bona
1085 1346 1195 1380 quam
1227 1330 1326 1370 mala
1358 1334 1520 1380 quaeris,

354 1391 520 1437 Plusque
550 1391 619 1427 tibi
646 1396 790 1439 peccat,
825 1401 930 1437 spem
962 1391 1025 1436 qui
1057 1391 1249 1437 peccando
1279 1391 1470 1440 relinquit,

351 1448 413 1485 Ad
445 1454 482 1483 te
514 1447 701 1496 confugio,
734 1448 802 1483 tibi
834 1447 1007 1493 supplico
1038 1448 1304 1494 confiteorque.

362 1505 493 1553 Parce,
527 1515 675 1553 precor,
707 1505 886 1540 miserere
916 1504 1001 1554 mei,
1035 1505 1214 1540 miserere
1244 1515 1423 1553 meorum,

355 1558 535 1598 Defuncti
565 1562 627 1607 qui
659 1565 747 1597 sunt
777 1565 814 1597 et
844 1561 881 1597 in
913 1561 983 1597 hae
1014 1561 1076 1606 qui
1107 1561 1202 1607 luce,
1236 1565 1446 1608 parentum.

258 1618 310 1655 20
358 1618 427 1662 Qui
460 1618 556 1654 bona
588 1617 757 1654 fecerunt
789 1617 881 1653 mihi
911 1628 980 1664 pro
1012 1622 1058 1667 te,
1094 1618 1270 1663 centupla
1301 1617 1431 1666 redde,

315 1697 319 1701 ,
352 1675 422 1721 Qui
454 1675 565 1719 mala,
599 1680 822 1711 convertens
853 1674 1072 1720 peccamina
1103 1679 1236 1711 cuncta
1267 1676 1429 1722 remitte,

352 1731 489 1768 Omnes
520 1731 591 1767 hoc
622 1732 727 1777 signo
759 1731 821 1777 qui
852 1736 889 1766 te
921 1735 1149 1767 venerantur
1180 1735 1216 1766 et
1247 1735 1368 1776 orant,

350 1787 495 1834 Dirige,
529 1792 709 1833 sustenta,
743 1787 904 1833 custodi,
937 1792 1105 1836 protege,
1139 1788 1256 1825 salva.

350 1844 420 1891 Da,
454 1844 585 1890 procul
617 1856 639 1880 a
669 1844 778 1880 nobis
810 1844 923 1880 elatio
954 1844 1064 1880 sistat
1094 1849 1135 1879 ut
1165 1844 1298 1890 omnis,

252 1902 302 1939 25
351 1901 430 1945 Quo
461 1900 531 1936 tibi
563 1901 747 1937 submisso
780 1901 995 1946 placeamus
1027 1906 1181 1947 pectore
1211 1911 1372 1946 semper.

348 1958 510 2003 Protege
542 1969 608 1993 nos
640 1957 777 2003 iugiter
810 1962 986 1993 ventosae
1017 1957 1141 1993 laudis
1174 1957 1220 1993 ab
1253 1967 1345 1993 aura

347 2014 398 2050 Et
429 2013 537 2050 nobis
570 2014 701 2060 dignas
734 2012 864 2050 confer
894 2013 963 2049 tibi
994 2014 1142 2050 solvere
1173 2018 1309 2061 grates,

348 2071 520 2107 Invidiae
551 2071 735 2107 maculam
769 2070 815 2107 de
846 2069 1032 2106 mentibus
1064 2070 1176 2106 ablue
1207 2070 1345 2106 nostris

349 2126 559 2164 Infundens
588 2127 696 2163 nobis
727 2128 850 2173 ignem
883 2127 1057 2162 caelestis
1088 2128 1238 2171 amoris,

251 2185 302 2221 30
350 2184 434 2221 Irae
466 2194 708 2229 compescens
740 2184 912 2220 stimulos
942 2182 1003 2219 fac
1033 2194 1100 2219 nos
1131 2184 1319 2229 patientes

351 2240 636 2286 Tristitiamque
664 2239 798 2287 fugans
830 2240 866 2276 in
900 2240 1047 2276 damnis
1079 2250 1183 2286 spem
1216 2240 1433 2277 retinentes.

352 2296 508 2333 Crimen
541 2297 726 2333 avaritiae
757 2296 866 2333 nobis
899 2297 997 2333 dona
1025 2295 1223 2343 fugiamus,

350 2353 401 2390 Ut
435 2353 588 2399 pietatis
620 2365 713 2400 opus
744 2354 885 2399 placite
916 2353 985 2389 tibi
1018 2352 1118 2389 ferre
1149 2363 1339 2399 queamus,

347 2409 554 2455 Ingluviem
586 2410 730 2446 ventris
761 2421 828 2446 nos
862 2410 1014 2446 vincere
1044 2409 1250 2446 sobrietate

248 2467 300 2503 35
347 2466 610 2512 Luxuriaeque
641 2467 739 2502 luem
772 2470 875 2502 casto
908 2466 1072 2503 concede
1104 2466 1263 2512 pudore,

347 2522 397 2559 Ut
428 2533 496 2568 per
526 2527 564 2558 te
595 2523 738 2570 mundi,
771 2534 840 2569 per
871 2527 907 2559 te
936 2534 1081 2569 quoque
1113 2522 1257 2558 viribus
1289 2522 1388 2558 aucti

349 2580 576 2615 Constanter
609 2581 723 2616 vitain
756 2580 973 2615 studeamus
1005 2579 1112 2615 adire
1143 2590 1359 2624 supernam.

239 2658 352 2698 Opera
385 2667 445 2687 mS.
472 2657 626 2687 Fulberti
655 2667 752 2701 saec3
769 2654 838 2698 [1⁴2.
867 2656 918 2688 11.
944 2655 991 2687 in.
1017 2653 1064 2697 et]
1093 2654 1142 2686 17.
1192 2656 1275 2687 Cod.
1303 2657 1451 2687 Parisin.
1477 2652 1576 2687 2872.
1602 2656 1640 2685 A.
1667 2672 1709 2676 ——

148 2704 200 2734 De
225 2703 368 2733 Villiers
393 2702 450 2732 fol.
480 2699 587 2733 1771).
606 2703 644 2732 B.
674 2719 713 2722 —
740 2702 783 2733 20
807 2703 962 2733 fecerunt
987 2702 1040 2733 bis
1067 2712 1127 2742 per
1143 2705 1176 2732 te
1202 2701 1365 2742 centupla
1383 2702 1421 2733 Β.
1439 2718 1483 2722 —
1501 2698 1540 2732 21
1563 2702 1709 2732 remittis

146 2748 184 2779 B.
210 2766 253 2769 -—
278 2746 320 2778 25
355 2747 519 2778 submissi
553 2747 751 2788 placeamus
785 2751 922 2788 pectore
950 2758 1036 2788 puro
1063 2749 1100 2778 13.
1126 2764 1169 2767 —-
1195 2745 1237 2777 26
1262 2750 1408 2777 ventosa
1434 2748 1472 2777 B.
1498 2763 1542 2767 —
1566 2743 1611 2777 33
1637 2747 1709 2787 pla-

145 2794 220 2824 cide
245 2793 284 2823 A.
312 2810 352 2813 -
